4017 6334
91 384 133 440 sio
451 375 634 438 PROLOGUS
651 377 789 438 SEPTEM
807 378 1055 442 combussisti!
1073 379 1331 442 usbontcnttlttl.
1454 429 1459 440 .
1664 385 1718 444 Sisi

91 489 279 555 translatoribus
298 491 412 546 intuitum
431 501 551 548 erratum
566 507 581 548 e
601 506 628 548 ,ε
642 507 658 546 n
674 490 737 548 lidei
752 492 1005 564 veritatemque,
1020 493 1172 566 snuyotutc,
1187 503 1215 554 et
1225 494 1360 566 spiritus,
1373 495 1400 554 in
1417 512 1466 554 sua
1480 497 1601 556 uiitiooc
1616 514 1719 572 ponen-

89 585 252 661 eomperimus
275 600 284 638 ε
306 591 318 619 ¹⁴
336 581 418 640 trium
438 591 542 640 tantum
564 582 715 653 uocabula,
732 582 785 640 boe
798 594 863 656 est,
920 593 978 655 tes;
993 593 1021 645 et
1042 586 1150 660 Patris,
1164 587 1323 666 dumique,
1343 603 1377 648 ac
1393 587 1514 666 spirtus
1534 591 1720 664 testltuonitttu

90 767 303 836 aurittereterba,
320 784 380 842 quaa
395 767 515 825 seeundo
531 769 627 825 eadem
642 784 674 826 ac
697 784 868 842 consequen-
920 768 1123 832 inveniebatur.
1163 775 1259 834 Fidem
1287 781 1400 832 econtra
1421 773 1538 845 probunt
1560 775 1720 846 interpretis

90 847 264 914 terlcyuutur.
283 841 377 912 Neque
397 840 530 898 librorum
553 853 639 912 genus
659 841 768 914 aliquod
791 855 870 912 rupe-
921 842 1047 900 delectus
1068 844 1254 902 translationis
1277 863 1330 902 non
1351 844 1490 903 absimiles
1503 849 1651 919 cxcutptart
1665 847 1720 919 pri-

90 923 144 983 ries,
155 917 196 972 olii
214 925 271 970 nen
288 913 452 970 inoleverint
473 913 572 968 similit
595 912 772 970 omissionum
791 913 868 968 sitia.
920 915 1049 986 miperrio.
1063 913 1156 990 licque
1168 931 1234 974 rem
1250 919 1284 975 dc
1297 917 1413 975 veritate
1427 917 1571 985 Hebraico,
1587 919 1630 974 vel
1642 919 1719 974 Gron-

92 995 161 1046 liucet
174 985 352 1058 Hieronymus
368 986 415 1042 lib.
431 1000 458 1040 rt
468 983 622 1040 Commeat.
639 986 665 1040 iu
681 983 811 1042 Jcrcmin
823 999 871 1041 ca·
920 1001 954 1044 cs
969 1023 978 1055 ,
995 988 1125 1045 nonrtulls
1141 989 1296 1046 testimonio
1311 997 1416 1054 mutat,
1431 992 1476 1059 nul
1493 989 1620 1046 lidusest
1632 992 1719 1046 inter·

92 1073 129 1133 put
143 1075 189 1114 xta
203 1057 287 1112 mrilta
303 1056 387 1112 luisse
400 1057 581 1127 pretermisso
600 1057 626 1112 in
646 1055 718 1112 LXX
734 1057 873 1121 interpr-e·
921 1072 993 1129 pres.
1015 1058 1107 1130 ltaque
1122 1063 1180 1116 site
1196 1063 1325 1117 comissum
1341 1060 1444 1117 dixeris
1459 1061 1622 1118 versiculum
1635 1077 1718 1120 ortum

89 1135 160 1199 tibus,
172 1130 232 1201 tynis
244 1128 368 1185 meando
377 1128 548 1184 mmor.
569 1127 686 1198 tormonte
705 1137 748 1184 ess
764 1128 811 1183 itte
830 1129 872 1184 lo·
921 1130 955 1184 ab
969 1130 1157 1204 Hieronymo,
1182 1131 1239 1188 sire
1252 1150 1305 1189 oon
1325 1127 1538 1203 pretermissum
1555 1129 1719 1205 inllpistoln

90 1219 147 1270 cus,
166 1201 208 1273 nui
224 1217 281 1256 rem
300 1211 421 1256 nostram
441 1199 521 1268 piune
547 1201 693 1259 cottbciat.
718 1200 780 1258 idco
802 1201 871 1254 iutu-
920 1200 1055 1260 losum:
1072 1203 1137 1260 nibil
1153 1205 1218 1262 inde
1233 1202 1383 1264 lucraberis
1396 1213 1497 1275 preter
1508 1204 1655 1268 incuriam,
1672 1213 1720 1262 aut

116 1292 153 1329 om
170 1289 229 1327 cum
248 1288 299 1329 suo
318 1281 451 1328 contextu
470 1285 549 1326 sacro
575 1285 730 1343 proponet-o
753 1271 870 1341 jomim.
927 1285 1043 1330 urorum
1055 1281 1179 1334 ueterum
1193 1278 1367 1347 een'ptsrtttn,
1382 1276 1427 1347 qui
1442 1277 1467 1330 iu
1485 1275 1607 1347 pluribus
1621 1291 1716 1333 exem-

89 1294 198 1404 Susura
211 1344 294 1414 igitur
305 1345 395 1412 capite
410 1359 485 1408 xxx,
503 1358 573 1398 reos.
598 1343 629 1397 ts
647 1353 674 1398 ot
697 1341 748 1410 tii,
773 1345 813 1398 sic
831 1341 871 1399 le·
922 1345 1043 1415 pleribus
1056 1345 1124 1403 duos
1139 1347 1288 1404 versiculos
1301 1348 1329 1403 in
1344 1363 1426 1411 unum
1441 1359 1551 1418 cogunt.

89 1421 163 1489 potus
175 1416 303 1483 scriptum
321 1431 331 1470 .·
346 1413 441 1471 donnes
454 1424 581 1468 amaturos
598 1416 635 1468 tui
647 1415 719 1469 obliti
732 1427 794 1470 suns
812 1415 869 1484 tui,
959 1415 1012 1471 tid
1027 1419 1050 1473 si
1068 1433 1122 1474 non
1137 1428 1210 1486 erat,
1239 1434 1323 1486 nuere
1344 1417 1533 1474 sanctissimus
1548 1427 1652 1492 martyr
1664 1417 1718 1493 Cy·

88 1501 150 1561 tepus
171 1503 223 1542 uon
251 1495 367 1559 puerant
381 1502 391 1541 .·
405 1489 486 1558 playn
506 1485 576 1541 saint
597 1486 696 1540 inimici
717 1487 830 1554 percussi
849 1498 873 1542 te
922 1487 1033 1556 priamts
1047 1489 1159 1560 scripsit
1174 1489 1221 1546 lib.
1237 1490 1270 1546 de
1287 1490 1396 1548 Unitnte
1407 1489 1557 1560 Ecclesiae,
1575 1489 1614 1546 De
1625 1489 1717 1558 Putre,

88 1560 239 1633 custiputione
254 1557 372 1614 moduli:
388 1569 491 1630 prepter
512 1557 704 1612 ntultitudt'nsm
727 1557 871 1628 inienuitatis
919 1565 945 1613 ει
960 1556 1031 1616 Filio
1043 1563 1057 1632 ,'
1075 1568 1099 1620 st
1123 1559 1143 1615 S
1167 1561 1225 1618 'ritu
1250 1570 1337 1632 sancto
1360 1562 1486 1630 scriptam
1509 1570 1566 1628 est,
1582 1571 1606 1618 et
1628 1563 1655 1617 iti
1669 1573 1720 1618 tros

88 1643 130 1688 tto
141 1632 201 1686 diurn
214 1629 288 1700 [acto
307 1635 367 1684 suttt
379 1639 485 1698 peccatu
498 1638 555 1684 tun.
578 1627 650 1696 Quid
669 1630 770 1684 clmtrns
793 1645 871 1700 super
919 1643 1001 1686 unum
1014 1631 1098 1690 eunti
1118 1577 1171 1688 USi
1194 1633 1252 1690 nco
1271 1633 1372 1702 scripta
1386 1637 1461 1702 suut,
1476 1631 1528 1687 nisi
1539 1633 1566 1690 in
1580 1633 1718 1690 versiculo

88 1704 223 1759 scortatione
242 1703 310 1758 trani
333 1698 484 1756 insanabilis
509 1707 546 1755 est
569 1699 644 1753 dulor
659 1706 740 1755 tuus:
761 1713 868 1771 propter
920 1701 1036 1771 septimo
1057 1703 1155 1772 capitis
1177 1705 1264 1775 quinti
1282 1703 1409 1774 Epistolae
1425 1704 1525 1776 prioris
1539 1703 1569 1763 S.
1583 1705 1718 1774 Jountrisi

88 1773 264 1830 multitudinem
273 1773 419 1847 iniquitatis
432 1781 498 1836 tate,
523 1783 546 1826 ct
560 1781 665 1845 propter
677 1773 746 1827 dure
762 1781 871 1844 peccatu
921 1771 1011 1841 Quare
1034 1775 1134 1831 citntur
1156 1775 1342 1832 testimonium
1363 1775 1430 1831 illud
1448 1774 1585 1833 attetorc
1602 1775 1719 1846 Vitettsi,

89 1857 125 1900 tun
136 1846 179 1914 [cci
190 1843 248 1899 ime
263 1845 320 1900 tili.
343 1844 421 1915 Quod
434 1843 646 1899 Commentariis
662 1843 719 1898 suis
738 1843 868 1917 literouy-
921 1843 1078 1970 Fulgentius,
1093 1846 1208 1916 aliisque
1219 1846 1418 1920 atttiquioribus
1430 1847 1631 1917 scriptoribus?
1647 1849 1716 1904 Num

88 1933 137 1974 nus
149 1917 308 1988 illustrans,
331 1915 457 1986 apposite
474 1917 534 1970 true
556 1915 628 1969 inter
643 1915 727 1968 multu
741 1915 871 1970 observu-
920 1929 971 1969 ctio
995 1926 1066 1972 ctum
1094 1915 1128 1972 nb
1151 1915 1224 1986 illis;
1250 1927 1296 1972 aut
1317 1915 1350 1972 ad
1380 1929 1447 1972 suos
1472 1931 1569 1974 sensus
1595 1925 1716 1991 cpbttum

88 1992 134 2045 tit:
157 1988 283 2057 Quodque
304 1988 432 2056 ambitur,
456 1986 566 2057 iniquit,
589 1983 659 2052 Quo
677 1987 870 2058 clausessttper
923 1985 1006 2042 luisse
1031 1988 1134 2044 dixeris
1156 1989 1262 2062 sbsrpue
1289 1989 1453 2047 temeritatis
1483 1990 1570 2044 notet
1591 1989 1649 2046 lion
1679 1991 1721 2048 sic

88 2061 224 2116 contritione
246 2061 314 2115 tuci
342 2057 497 2115 insanabilis
527 2067 564 2113 est
584 2058 660 2111 notor
683 2064 743 2112 tuus
764 2066 1104 2142 propterpprtcressures
1128 2063 1233 2126 nostri,
1262 2060 1359 2132 quibus
1380 2075 1454 2116 curce
1480 2061 1533 2118 tuit
1556 2075 1573 2117 e
1595 2061 1723 2119 Patribus

87 2132 266 2187 multitudinem
287 2129 431 2201 iniquitatis
450 2139 520 2197 tuoe,
535 2130 562 2184 in
578 2125 651 2183 cxx
670 2145 721 2182 noto
740 2129 868 2185 iubetur.-
923 2130 1006 2185 multa
1030 2131 1159 2202 colligere
1182 2131 1216 2188 ad
1236 2132 1470 2188 conllruntionem
1483 2131 1543 2188 e'us
1559 2133 1722 2204 testimonii,

86 2205 189 2258 nitetiru
204 2205 270 2275 patio
291 2201 405 2258 secundo
426 2201 533 2266 dicitttr,
551 2211 656 2268 propter
673 2201 869 2255 multitudinem
918 2202 992 2327 Sum
1016 2201 1042 2258 in
1058 2201 1172 2258 loannis
1195 2201 1317 2272 Epistola
1339 2202 1477 2274 legebant.
1498 2147 1591 2260 'reste
1610 2212 1654 2260 est
1668 2221 1721 2259 rus.

87 2275 213 2343 inmutatis
228 2285 297 2337 tun,
311 2284 337 2330 es
351 2276 418 2328 duro
433 2281 538 2340 peccatu
548 2281 615 2336 tun,·
631 2281 656 2324 et
666 2272 711 2341 put
723 2271 869 2326 scribemus
942 2273 1094 2329 ocociensis
1108 2274 1194 2330 codex
1214 2275 1393 2346 perantiquus
1405 2282 1433 2330 ει
1448 2275 1557 2344 optime
1573 2283 1657 2341 notu,
1675 2277 1722 2345 otti

87 2346 228 2416 sprincipio
242 2345 363 2400 additum
377 2354 542 2415 putauerunt.
564 2345 686 2412 Quarum
700 2344 790 2414 itantte
799 2359 869 2413 pre·
920 2343 1004 2400 Actus
1017 2345 1221 2416 Apostolorum,
1236 2357 1397 2416 septcrnnue
1411 2346 1563 2402 canonicas
1578 2347 1719 2417 Epistulas

89 2419 198 2473 terruisse
219 2428 285 2472 sunt
315 2426 449 2474 commata
474 2417 502 2472 io
530 2412 737 2484 Exemplaribus
762 2412 869 2473 Graccis
920 2429 982 2470 cum
1002 2416 1315 2489 ittannisdpocalypsi,
1340 2416 1546 2474 unosolttmine
1562 2420 1724 2490 complecti·

86 2487 147 2544 txtt
168 2491 369 2557 lotterpretum3
395 2487 457 2558 quia
479 2487 573 2542 cadem
592 2486 675 2541 rerba
691 2485 813 2541 secundo
827 2486 869 2541 di·
921 2494 982 2554 tnr;
1010 2497 1119 2544 titulatus
1143 2495 1232 2543 cutem
1251 2497 1293 2546 cst
1312 2489 1338 2543 iu
1356 2487 1524 2544 Bibliotheca
1537 2499 1631 2546 nostra
1649 2489 1720 2546 Sort-

85 2572 122 2615 ctu
141 2567 219 2626 suut,
234 2573 264 2616 et
281 2560 412 2629 replicata
434 2559 505 2631 apud
524 2557 672 2616 lusciniam
696 2557 866 2627 propnetam.
919 2555 1099 2614 &mitanensi
1118 2573 1233 2615 numero
1250 2559 1296 2616 ib.
1323 2557 1350 2615 lu
1371 2559 1451 2628 ltujus
1469 2558 1566 2614 ultima
1582 2561 1680 2631 pagina
1694 2569 1722 2618 et

23 2632 28 2643 '
86 2631 131 2687 Sed
150 2631 363 2690 commodiorem
385 2632 476 2686 adbuc
498 2631 608 2690 loettto.
632 2629 690 2686 site
711 2634 867 2699 exemptum
918 2629 984 2686 lolio
1008 2631 1149 2697 extrario,
1175 2630 1233 2686 bec
1257 2631 1377 2688 attexuit
1393 2631 1549 2688 testimonia
1565 2633 1724 2703 exscriptor

86 2703 207 2759 abueios
232 2702 268 2760 ad
289 2703 478 2776 prtobationem
501 2701 658 2758 occisionis
678 2712 779 2756 trostre
794 2701 869 2757 nocti
920 2700 1085 2772 rotuutms5
1099 2710 1130 2759 ut
1150 2704 1327 2774 comprobata
1342 2701 1494 2760 assultu
1504 2702 1670 2774 Scripturas,
1684 2703 1721 2766 tle

86 2775 202 2830 sunosio
213 2774 291 2830 libro
305 2775 398 2840 iosue,
414 2787 474 2843 cap.
490 2787 552 2837 xxt,
569 2785 640 2828 tere.
656 2771 701 2836 su,
715 2770 868 2828 secundum
919 2787 973 2844 qua
990 2773 1236 2844 impraesentiarum
1252 2789 1407 2832 sermonem
1427 2773 1605 2832 instituimus.
1620 2776 1660 2838 lta
1673 2773 1723 2850 ipi-

85 2859 197 2902 temtum
218 2845 362 2917 vulgatam
385 2847 547 2901 divisionem
571 2855 599 2899 et
621 2845 866 2900 onurttermioncm.
918 2845 1002 2900 turin
1018 2860 1051 2901 eo
1066 2845 1199 2914 scriptum
1213 2846 1324 2920 reperi:

85 2917 140 2973 lium
151 2928 231 2975 terna
245 2917 422 2990 repetitiones
442 2932 538 2973 eorum
559 2915 721 2980 uerborum,
745 2914 868 2972 ciobnres
956 2916 1117 2984 sQuoniont
1126 2917 1303 2990 tressurupei
1316 2916 1491 2972 testimouium
1504 2913 1719 2988 dicsetittiesrtt,

85 3001 181 3053 quatuor
200 3007 261 3046 caru
283 2989 436 3044 suburbanis
450 2993 527 3062 rjus,
549 3001 611 3058 tyuae
634 2988 759 3058 leyttctttr
779 3003 804 3042 v.
820 2985 865 3056 35,
919 2985 1035 3060 Spiritus
1070 3005 1140 3062 open
1176 2988 1333 3062 stampais.
1352 2987 1387 3042 tit
1405 2987 1434 3042 iti
1453 2997 1505 3044 tres
1521 3005 1602 3046 sttstn
1617 2992 1719 3049 sentis

84 3059 113 3116 so
125 3069 150 3116 ct
162 3061 207 3129 st,
221 3061 326 3118 erroris·
340 3075 432 3116 nursam
449 3059 591 3132 proluere
608 3057 787 3126 scriptoribus
800 3101 806 3121 ,
821 3062 867 3130 qui
918 3055 1022 3114 Citristo
1035 3027 1111 3117 lesu.
1140 3033 1241 3116 ilaue
1261 3067 1323 3116 sunt
1338 3061 1383 3130 qni
1401 3060 1574 3116 testiinonium
1586 3061 1676 3116 dieunt
1691 3064 1719 3122 in

83 3133 202 3200 medium,
217 3133 322 3199 idest,
335 3133 372 3189 bri
387 3131 549 3188 uersiculum
567 3129 802 3200 praetenuiscrunt
816 3129 867 3186 de·
918 3131 1004 3186 coelo:
1020 3127 1113 3201 Peter,
1131 3127 1256 3203 Verbum,
1272 3139 1297 3186 et
1313 3129 1428 3203 Spiritus
1442 3143 1557 3188 sanetus.
1576 3127 1612 3189 bt
1626 3131 1653 3188 iti
1667 3139 1719 3190 tres

84 3205 145 3273 cepti
166 3204 366 3270 similitudine,
390 3204 433 3260 tel
452 3203 548 3260 cadem
571 3201 708 3257 sermonis
732 3201 878 3270 clausula,
917 3211 1081 3259 snsmsunt.
1475 3203 1476 3206 ’

83 3291 132 3345 que
146 3291 197 3331 arou
213 3275 306 3333 solum
323 3275 533 3336 incuriosorum,
550 3274 598 3328 sed
614 3274 785 3340 diligentium
800 3289 868 3347 non·
957 3271 1060 3330 sltem.
1080 3273 1115 3330 tit
1130 3283 1191 3330 suttt
1206 3275 1251 3347 ptri
1265 3273 1477 3344 testificantnritt
1491 3271 1575 3345 cete,
1590 3271 1683 3343 Peter,
1693 3285 1720 3334 st

83 3361 214 3417 normanum
230 3349 346 3404 obtutus
366 3347 506 3403 cottiundit
525 3346 552 3401 in
561 3375 564 3379 ·
574 3343 756 3400 describendo
771 3343 865 3402 libros.
919 3341 1018 3414 t'ttru,
1031 3357 1056 3402 et
1067 3345 1183 3420 Spiritus
1197 3356 1302 3406 snrtotss
1315 3361 1325 3403 :
1339 3355 1365 3401 et
1379 3347 1406 3401 lti
1425 3355 1477 3402 tres
1489 3360 1571 3402 utrum
1582 3355 1654 3404 sunt.

83 3415 141 3473 iiiuc
153 3422 222 3489 apud
250 3420 380 3475 liebraeus
404 3419 495 3488 plures
520 3416 689 3472 iubebantur
710 3428 775 3470 mss.
791 3415 867 3472 cudi·
956 3415 1150 3472 sdtbnnusius.
1172 3413 1237 3474 Tres
1251 3426 1310 3472 tutti
1324 3417 1370 3490 qui
1388 3417 1564 3485 testinnonium
1578 3417 1667 3472 dirutis
1689 3414 1717 3473 t'tt

82 3492 308 3563 restutiquiores,
324 3489 370 3546 ubi
382 3491 466 3548 tertia
477 3487 605 3544 uersiculi
616 3487 649 3542 Sti
664 3487 865 3556 deeruntpror·
880 3479 904 3542 C
917 3486 1006 3543 selo:
1032 3487 1121 3556 Peter,
1144 3497 1168 3545 el
1189 3488 1311 3553 Verbum,
1331 3498 1356 3544 et
1375 3487 1495 3560 Spiritus
1511 3503 1521 3544 .·
1536 3498 1561 3544 st
1574 3489 1602 3544 itt
1615 3487 1718 3546 Gltristo

83 3573 134 3628 sus,
150 3565 186 3618 uti
199 3563 301 3618 absunt
316 3560 537 3617 inverucioribus
549 3559 654 3615 Latirtis
668 3559 867 3628 exemplaribus
919 3555 986 3616 inu
999 3575 1082 3614 errem
1095 3569 1167 3614 suet.

83 3634 204 3687 torsionis
220 3631 454 3706 llierouymiatcc,
465 3647 546 3758 tynam
563 3632 614 3684 ltoc
628 3628 711 3685 loson
725 3627 786 3684 loco
801 3645 868 3686 cuu-
957 3647 968 3682 t
987 3624 1157 3704 Fulpentius.
1167 3630 1298 3686 Trossuut
1307 3631 1354 3758 zui
1365 3629 1677 3704 resttnuutumpnnttcnt
1687 3633 1716 3690 t'n

82 3707 125 3756 solt
139 3708 265 3761 volomus
279 3706 406 3760 colutttna
432 3703 467 3758 al
500 3712 528 3757 ει
546 3715 626 3772 seqq.
645 3699 725 3755 istius
740 3699 868 3758 editionis
917 3701 1004 3756 ceto:
1022 3701 1112 3770 l'otcr,
1132 3699 1255 3768 Ver-ium,
1267 3711 1289 3756 ct
1318 3701 1438 3774 pinitus:
1454 3714 1477 3759 et
1492 3712 1716 3758 tressnumsunt.

83 3789 180 3832 niustre.
199 3777 279 3846 Quod
292 3778 377 3847 igitur
391 3777 462 3844 epod
475 3774 606 3830 liebracos
617 3781 646 3827 et
660 3772 731 3842 apud
755 3771 867 3829 Grecos
955 3785 966 3823 t
985 3773 1102 3846 myonue
1111 3772 1227 3828 lutctttur
1236 3773 1386 3842 sinopiteem
1396 3771 1477 3843 ltujos
1489 3771 1670 3843 exscriptoris
1682 3773 1716 3828 tt-

82 3843 199 3904 lituorom
215 3847 404 3918 exscriptorcs
424 3862 479 3902 non
503 3860 563 3900 raro
588 3844 701 3909 etenim
722 3858 773 3900 cur
794 3845 867 3914 apud
917 3843 980 3899 dem
992 3859 1027 3900 uc
1037 3843 1205 3914 diligentiam
1221 3844 1308 3914 magis
1321 3845 1400 3904 nobis
1411 3845 1563 3915 ,marsinam
1577 3857 1661 3915 quam
1674 3853 1715 3900 to·

81 3913 180 3975 latioris
192 3921 300 3976 similes
314 3919 478 3974 unussloues
495 3914 613 3988 prudeus
627 3915 712 3970 lector
734 3914 866 3971 inilcinbi-
919 3920 962 3970 tus
976 3915 1023 3972 ille
1036 3915 1183 3973 verborum
1192 3927 1337 3988 apparatus
1352 3917 1447 3988 nuperi
1460 3915 1562 3982 critici,
1576 3929 1631 3988 quo
1644 3915 1715 3976 sacri

82 3991 141 4043 tori
157 3989 293 4047 Proeliris
305 4001 345 4046 est
361 3993 474 4046 omrtino
490 3987 584 4052 lapsus
595 3989 623 4041 in
635 3983 777 4056 Epistolal
792 3985 867 4044 Beati
918 3993 1063 4043 contextus
1081 3987 1272 4043 auctoritatem
1302 3979 1329 4042 iu
1352 3983 1439 4057 Epist.
1455 3985 1467 4045 1
1486 3983 1517 4043 B.
1539 3978 1650 4042 Joxuois
1663 3987 1719 4043 elc-

80 4058 203 4128 loannis,
226 4063 319 4131 capite
339 4063 454 4132 qttintu,
472 4073 498 4115 r.
513 4057 530 4116 i
546 4068 574 4114 ct
587 4059 615 4124 e,
641 4067 752 4127 propter
769 4057 867 4114 eadere
917 4067 983 4112 tare
996 4059 1088 4129 pestis.
1111 4057 1165 4114 Nec
1178 4059 1238 4115 siue
1258 4055 1348 4129 aliquo
1370 4059 1523 4114 animorum
1540 4069 1661 4114 moerore
1677 4057 1718 4114 tl-

81 4135 163 4199 tcrba,
179 4149 242 4218 qtae
254 4134 380 4191 mecedo
393 4133 532 4197 dicuntur,
549 4143 667 4200 nctupo,
685 4139 738 4184 tres
750 4130 868 4200 sumpsi
903 4124 985 4186 'dere
1008 4143 1152 4200 possuttttts
1181 4143 1320 4186 aucorem
1347 4130 1550 4187 communicetis
1567 4127 1716 4186 minutiem
1810 4167 1813 4175 ·
1865 4112 1869 4124 “

82 4206 244 4260 testimouium
257 4205 339 4271 dunt,·
361 4213 387 4260 et
405 4202 523 4268 iteruin,
548 4213 573 4256 et
586 4200 614 4255 nt
636 4209 687 4254 tres
700 4216 781 4256 unum
794 4213 867 4260 ssttt.
918 4203 1046 4258 munibus
1059 4203 1152 4260 nervis
1163 4200 1388 4268 contendentem,
1405 4211 1435 4257 ut
1449 4203 1549 4273 probet
1558 4199 1642 4260 verba
1656 4199 1718 4262 ine

80 4273 123 4342 Qui
135 4279 206 4332 enim
227 4291 245 4332 tt
263 4276 397 4347 principio
416 4273 574 4331 scribebant
586 4271 679 4329 uram
696 4271 758 4326 novi
772 4267 869 4330 Testa·
919 4266 1007 4341 Epist.
1025 4271 1032 4328 l
1047 4270 1126 4329 ioan.
1150 4288 1175 4332 c.
1197 4289 1225 4341 r,
1241 4287 1313 4330 vers.
1331 4273 1366 4329 l:
1385 4271 1513 4340 Quoniam
1530 4281 1583 4330 tres
1601 4281 1661 4329 sunt
1672 4273 1719 4356 pei

83 4349 157 4402 utenti
169 4348 356 4417 exemplaris,
372 4356 515 4418 postquem
527 4351 674 4415 metuerent
688 4344 715 4398 in
731 4345 869 4402 membra·
918 4344 1095 4400 testimonium
1110 4345 1172 4400 dont
1184 4343 1213 4400 irs
1226 4343 1290 4400 celo
1303 4359 1314 4400 .·
1325 4341 1416 4412 Pater,
1443 4341 1576 4412 Vultum,
1590 4352 1615 4399 et
1630 4341 1719 4416 Spari-

81 4416 130 4486 εἰς,
151 4417 192 4478 da
213 4427 290 4496 apsis
307 4417 372 4477 sien
383 4418 408 4476 ci
419 4423 623 4495 μαρτυροῦντες,
636 4415 664 4472 id
675 4424 727 4483 cst,
741 4417 802 4486 qaia
816 4425 867 4474 tres
919 4422 961 4470 ttts
974 4424 1102 4474 statutus:
1126 4426 1150 4471 et
1161 4417 1189 4470 tri
1202 4423 1256 4473 tres
1270 4431 1350 4471 suun
1363 4424 1439 4484 sent,
1455 4417 1546 4472 addita
1561 4421 1718 4472 temeritate

80 4499 142 4554 mut,
153 4493 198 4562 ‹yur'
208 4491 387 4546 testimonium
401 4492 485 4556 dont,·
505 4487 539 4544 ad
558 4486 709 4558 exemplar,
725 4487 797 4558 quod
812 4503 868 4558 prce
920 4485 1094 4563 librariorum
1109 4497 1251 4556 vctcrum;
1275 4502 1326 4544 nco
1349 4487 1384 4560 ab
1404 4498 1516 4546 auctore
1533 4487 1550 4544 b
1588 4487 1718 4564 loyraplsp

81 4562 157 4617 ocutis
173 4563 323 4628 trabebant,
335 4565 530 4625 recurrentes,
543 4557 622 4613 lacile
639 4555 729 4629 priora
744 4573 805 4612 etun
821 4573 868 4629 po-
919 4556 1005 4614 luisse
1021 4559 1187 4628 conscripto.
1208 4557 1280 4616 Prolt
1302 4554 1395 4616 dttlorl
1413 4557 1514 4615 siccine
1531 4559 1565 4614 ad
1587 4561 1718 4618 itamente

79 4635 182 4688 strettris
199 4635 310 4690 sceiere
332 4639 498 4703 potueruut,
520 4629 624 4685 relictis
644 4627 771 4684 otttuibus
785 4629 868 4684 iuter·
920 4628 1107 4695 librariorum,
1125 4645 1173 4698 pro
1198 4637 1275 4685 testu
1291 4639 1370 4684 suero
1388 4625 1468 4684 nobis
1496 4625 1654 4684 obtruderet
1666 4627 1717 4686 Εε-

78 4704 187 4766 medius:
207 4711 238 4762 et
253 4706 290 4762 isa
304 4718 402 4761 errore
414 4700 588 4759 librariorum
605 4701 634 4758 in
648 4700 774 4770 plurimis
787 4699 868 4757 libris
908 4700 1002 4755 ‘talesia
1020 4700 1085 4768 bei,
1105 4701 1231 4757 columna
1256 4709 1284 4756 et
1307 4705 1508 4756 ttrmumentum
1530 4699 1672 4765 uerlttttis3
1690 4699 1716 4756 ln

79 4773 126 4830 duo
140 4777 269 4834 uersiculi
282 4775 309 4832 iu
329 4775 440 4831 unicum
457 4774 629 4836 coaluerunt.
653 4772 776 4842 titumque
790 4773 868 4840 serpui
920 4773 953 4828 iis
964 4771 1082 4827 maxime
1095 4771 1342 4846 Scripturccstonc
1359 4772 1519 4836 sententiis,
1533 4771 1606 4828 unde
1619 4771 1718 4840 pendet

78 4845 243 4914 debuissent,
258 4848 285 4902 in
296 4848 377 4903 culo:
392 4841 485 4912 Pater,
508 4841 629 4910 Verbum,
644 4851 668 4899 et
679 4841 795 4915 Spiritus
807 4860 867 4898 suu-
883 4841 988 4935 olidos
1006 4843 1187 4900 secretissime
1201 4842 1365 4900 Trinitatisl
1378 4842 1433 4902 Sed
1449 4843 1599 4912 Ecclesiae,
1613 4842 1714 4914 inquit,

78 4924 146 4971 uas:
158 4931 181 4974 es
193 4919 223 4974 lti
240 4929 293 4975 tres
306 4931 387 4973 utrem
397 4923 456 4972 sunt
468 4927 477 4970 .·
490 4924 690 4984 consequenter
706 4914 739 4969 sd
752 4913 809 4985 y'ttm
823 4911 867 4969 dl·
923 4915 1073 4970 auctoritas
1087 4911 1170 4971 itodie
1184 4915 1263 4970 nobis
1277 4913 1376 4988 ingerit
1386 4915 1570 4972 testimouium
1587 4910 1670 4982 illud,
1687 4924 1719 4972 ut

73 4999 114 5043 eu
126 4991 229 5059 rerba,
244 4988 285 5048 iu
297 4994 368 5068 τρεῖς
381 4986 456 5054 snb,
468 4997 521 5042 etc.
534 5025 544 5051 ‚
570 4993 719 5057 posueruut
739 4986 790 5039 ista
804 4989 872 5043 alte·
921 4984 1106 5041 uutlteutirnm
1118 4977 1299 5058 scriptulum.
1313 4987 1397 5054 Qttasi
1410 5001 1474 5044 sero
1486 4988 1575 5056 aliona
1587 4983 1718 5044 nectente

76 5060 128 5114 rius
141 5062 290 5118 uersiculi:
316 5065 342 5116 io
356 5069 388 5121 en
406 5067 446 5134 ys·
468 5061 499 5116 τὸ
510 5065 626 5131 nuspa,
638 5060 681 5114 sei
692 5058 722 5114 τὸ
736 5056 815 5129 ὕδωρ,
828 5063 872 5116 ent
922 5057 1025 5114 cuncti
1048 5061 1199 5114 antrtoritts
1221 5062 1413 5129 corruptelas,
1435 5057 1675 5130 interpolationes,
1690 5067 1719 5115 ct

77 5128 184 5206 riaipa·
207 5137 252 5191 και
273 5131 298 5189 oi
310 5119 381 5211 rpeir'
398 5119 435 5194 εἷς
453 5129 483 5188 τὸ
505 5131 531 5187 iu
546 5133 620 5196 abac,
632 5129 726 5196 idest,
740 5131 769 5183 in
781 5141 872 5186 terro:
922 5139 1023 5185 caetera
1038 5130 1212 5187 librariorum
1227 5129 1436 5199 additamenta,
1459 5132 1485 5188 in
1500 5131 1612 5188 terbum
1627 5129 1675 5198 bei
1691 5139 1720 5188 st

77 5201 199 5273 Spiruus,
224 5212 251 5260 et
264 5221 351 5276 apuu,
371 5215 395 5258 et
407 5201 537 5273 scnpuis:
555 5213 579 5255 et
594 5203 621 5256 tri
636 5209 687 5256 tres
706 5213 786 5254 unum
798 5213 869 5255 sunt.
923 5204 949 5254 iu
966 5197 1130 5257 Canotticnm
1150 5203 1319 5272 Scriptorum
1339 5203 1426 5272 possit
1455 5209 1631 5260 conuertere.
1647 5201 1719 5258 Nihil

76 5271 233 5343 liujusmodi
256 5275 462 5345 exemplaribus
476 5273 643 5344 tntpcriectis
659 5273 699 5327 osi
720 5285 784 5326 sunt
796 5275 870 5343 apud
920 5273 1023 5327 dicitur
1043 5274 1189 5338 obtusius;
1211 5273 1279 5328 nittll
1327 5273 1478 5329 divinarum
1513 5271 1717 5344 Scriptorum-tun

76 5341 244 5420 Latinosqui
259 5347 356 5405 cram
378 5345 509 5416 Epistulae
531 5343 645 5400 loannis
666 5352 868 5415 convertentes,
923 5344 987 5399 lidei
1001 5348 1089 5414 magis
1103 5345 1224 5400 exitiale.
1246 5343 1637 5418 Utidostnioraappreoantur
1651 5359 1718 5402 cott-

77 5417 204 5490 iutegrmu
222 5419 389 5475 uersiculum
409 5419 553 5486 omittunt,
570 5418 615 5471 ubi
633 5411 725 5483 Putes,
745 5413 868 5487 Veiens,
924 5416 1101 5470 siliaitomiui
1116 5417 1301 5486 litterato,‹ptti
1312 5416 1473 5489 obsequium
1486 5417 1637 5488 potcbutsc
1648 5428 1719 5488 pru·

77 5495 99 5539 et
111 5488 227 5559 Spiritus
247 5499 366 5558 sciretur,
378 5502 462 5544 unum
479 5501 540 5544 esse
554 5486 691 5543 dicuntur.
719 5481 775 5542 lice
789 5487 868 5557 quid·
923 5483 1028 5542 stitisse
1041 5485 1097 5542 Deo
1111 5487 1138 5542 in
1153 5501 1201 5542 sun
1216 5484 1331 5543 ilistorin
1342 5487 1444 5545 critica
1456 5485 1607 5559 Scriptura
1618 5504 1717 5546 sacrm:

77 5571 151 5626 uttam
182 5561 273 5618 olllcit
298 5558 487 5618 eiciendutioni
510 5558 730 5630 illeruuymiane
752 5558 868 5614 ututilati
923 5559 974 5613 etsi
1000 5556 1118 5628 plurima
1148 5559 1174 5613 iu
1199 5557 1260 5630 ejus
1281 5557 1515 5616 lucubrationibus
1536 5561 1717 5628 reperiantur,

77 5634 239 5702 exemplaris
250 5631 393 5699 deiectum
406 5630 704 5688 etiamsicoucedamus
715 5631 802 5700 ipsam
814 5647 868 5686 non
922 5642 984 5700 oure
998 5635 1123 5684 semrom
1139 5629 1251 5685 Petrum
1267 5629 1445 5700 traditiones,
1466 5643 1498 5688 ac
1513 5631 1717 5704 scripturarum

77 5697 200 5760 habitissc
220 5708 386 5762 uersiculum
401 5704 417 5759 'l
430 5717 491 5774 cap.
511 5717 529 5757 n
547 5701 676 5770 Epistola
702 5701 713 5757 l
743 5700 869 5758 Sinon·
921 5701 1082 5760 contrellaut
1097 5704 1299 5760 auctoritatem.
1320 5722 1331 5758 s

76 5773 129 5828 nis:
145 5778 218 5831 sieut
234 5791 287 5830 nec
301 5786 399 5843 nocet,
415 5774 488 5846 quiid
503 5773 529 5828 io
540 5788 604 5844 scra
625 5771 653 5829 S.
671 5771 797 5829 [lectoris
809 5775 867 5830 cdi·
959 5769 1033 5828 nlis.
1050 5773 1078 5830 S.
1092 5769 1204 5839 Crucis,
1225 5774 1304 5829 triam
1318 5777 1393 5832 ruodo
1408 5792 1494 5834 rerum
1504 5775 1629 5832 oocniuln
1640 5793 1646 5804 ·
1659 5775 1717 5841 tulii,

76 5843 145 5902 tirone
158 5847 221 5904 libri
239 5845 332 5917 losuc,
345 5847 381 5904 de
391 5863 444 5918 uuo
457 5861 539 5916 supra
555 5845 712 5900 dicebamus
725 5889 732 5913 ,
749 5843 867 5903 abluerit
921 5843 1001 5898 trium
1010 5845 1188 5900 tantummodo
1199 5845 1331 5900 uocabulo.
1343 5845 1424 5916 Tum,
1436 5849 1462 5906 ia
1474 5849 1532 5922 ipen
1545 5865 1592 5904 sttn
1606 5817 1718 5904 cilitium

75 5916 165 5977 eden
179 5921 332 5996 pericope,
354 5934 418 5994 quc
431 5920 460 5982 io
472 5916 675 5990 exemplaribus
688 5916 798 5982 mustis
811 5931 869 5985 nou
920 5917 1094 5996 somatibus,
1113 5926 1142 5978 et
1155 5929 1218 5979 mox
1232 5919 1432 6002 omittentibus.
