4017 6334
207 359 260 420 tua
561 378 566 386 ·
715 365 746 424 s.
766 361 962 422 uruuouuur
981 345 1098 421 urrru'u
1116 365 1358 425 urourouuucu.
1807 364 1862 427 reo

241 480 417 540 Ronaniseere
429 484 627 543 miserationum
640 494 761 552 tuarum,
774 482 904 552 Domina,
919 487 944 538 et
956 479 1048 542 mid
1096 481 1281 541 Reminiseere
1298 482 1505 540 miserationum
1521 490 1646 551 tuarum,
1664 483 1779 543 Domine
1800 501 1809 546 t
1831 495 1862 544 et

204 573 407 630 tertrardiarum
421 587 537 646 tatarum,
551 575 743 652 auaaeaaula
753 584 824 632 runt.
1058 569 1282 630 ¹>misericordiae
1295 583 1358 644 tuae,
1375 590 1436 646 que
1448 591 1464 631 a
1477 575 1579 632 sucula
1594 585 1669 634 sunt.

241 668 345 724 Delicta
352 672 499 744 juventutis
512 689 577 730 mete
598 681 624 729 et
635 671 797 745 maerentium
812 683 882 726 meaa
895 684 928 724 rte
952 683 1012 724 ure·r
1096 665 1197 722 Delicta
1212 664 1362 736 iuuentutis
1382 675 1411 724 et
1429 667 1594 740 ignorantiae
1618 685 1686 726 meae
1706 685 1740 726 ue
1762 672 1862 729 memi-

207 763 326 821 minerie.
1059 759 1153 817 neris:
1168 760 1322 817 seeundum
1334 777 1459 836 magnam
1473 763 1689 820 misericordiam
1710 775 1783 822 tuam
1800 783 1862 824 me-

241 853 394 912 Secundum
408 855 615 914 mirericordiam
625 867 698 913 trram
707 865 834 913 numento
844 855 896 913 mei
906 866 920 895 ⁸
931 859 966 926 >ri
977 866 1007 912 tu
1058 865 1119 907 utor
1133 859 1193 908 esto
1206 853 1274 915 urei.
1291 865 1404 927 propter
1419 855 1568 912 benitatem
1586 867 1677 928 tuam,
1694 857 1820 916 Domine.

211 947 346 1022 {propter
359 949 499 1005 imitatem
512 963 595 1017 tuam,
613 950 732 1006 Domino.
1095 943 1187 1002 Dulcis
1211 955 1239 1004 et
1261 959 1354 1004 reatus
1371 947 1502 1005 Dominus
1527 964 1535 1004 a
1561 959 1677 1022 propter
1697 951 1748 1008 boa
1769 954 1860 1025 terem

256 1042 350 1098 Dulcia
363 1055 389 1100 et
402 1054 489 1102 reatus
499 1043 647 1104 uentura:
660 1054 765 1120 propter
778 1045 828 1100 boa
842 1043 925 1117 lepert't
936 1044 1007 1100 dabit
1058 1039 1155 1096 statuit
1169 1039 1233 1114 [lio.
1247 1041 1364 1116 statuet]
1379 1041 1603 1115 delinquentibus
1619 1043 1645 1100 in
1661 1045 1716 1100 viu.

207 1136 416 1208 delinquentibus
428 1139 524 1208 inuia.
1094 1133 1858 1207 Dirigetmitesirriudieiotdoeebitmarrsuetosniastuan.

242 1230 344 1307 Diripet
363 1241 513 1292 maneumor
532 1233 677 1309 injudicio
699 1247 710 1289 .·
735 1230 836 1288 docebit
857 1230 934 1286 mites
952 1230 1007 1286 uiae
1096 1227 1237 1284 Universae
1250 1227 1422 1285 nitebamini
1438 1229 1626 1286 misericordia
1639 1239 1668 1287 et
1680 1232 1794 1301 ueritas,
1810 1250 1860 1292 ra·

205 1335 277 1377 auae.
1058 1321 1440 1394 anitentibus-testamentum
1452 1323 1512 1395 ejus
1522 1332 1549 1380 et
1560 1323 1718 1380 testimonia
1731 1325 1802 1396 eius.

243 1413 377 1472 Universa
389 1415 553 1473 nitebamini
567 1415 748 1473 misericordia
761 1424 787 1473 et
800 1408 905 1484 nerbas,
920 1416 1008 1487 requi-
1095 1417 1210 1487 uropter
1223 1430 1324 1472 nomen
1341 1424 1428 1484 tuum,
1444 1414 1572 1485 Domine',
1588 1417 1780 1487 propitiaberis
1792 1433 1862 1492 pae-

204 1508 321 1566 rentilrua
336 1517 517 1566 tentamentum
539 1511 596 1583 mur
611 1517 636 1564 et
650 1509 799 1564 testimonia
809 1510 880 1580 ejus.
1043 1508 1120 1564 'catu
1135 1522 1209 1577 meo,
1225 1507 1366 1579 cupiosum
1383 1508 1447 1584 [tte.
1464 1507 1592 1584 multum]
1605 1519 1648 1567 est
1662 1511 1748 1567 enim.

242 1599 354 1676 Propter
365 1619 460 1660 nonten
471 1613 555 1673 tuum,
569 1601 694 1672 Domine,
706 1603 891 1677 propitiaberis
902 1613 1007 1674 peeaato
1094 1600 1161 1670 Quis
1175 1610 1219 1657 est
1235 1601 1328 1668 bomo,
1343 1600 1391 1674 qui
1408 1603 1503 1658 timeat
1518 1601 1683 1660 Dominum?
1698 1603 1785 1678 legem
1800 1614 1861 1663 sta-

204 1713 262 1752 nreo
277 1713 288 1753 .·
303 1699 413 1753 maritum
427 1707 464 1754 eat
479 1700 560 1755 eninr.
849 1752 851 1755 ,
1059 1694 1110 1751 tuit
1126 1693 1191 1768 [lle.
1206 1692 1321 1767 statuet]
1336 1695 1360 1751 ei
1376 1696 1403 1752 tu
1417 1695 1473 1761 uia,
1487 1710 1567 1768 quam
1583 1696 1676 1768 elegit.

241 1789 307 1856 Qun
320 1799 359 1847 art
370 1790 450 1847 bomo
465 1792 510 1862 aui
525 1793 599 1850 timet
611 1787 772 1850 Dominum?
785 1795 869 1866 tepent
878 1791 971 1850 statuit
980 1793 1006 1848 ei
1094 1784 1195 1843 Anima
1210 1786 1269 1856 ejus
1282 1785 1309 1841 in
1322 1785 1403 1843 bonis
1417 1785 1608 1845 demorabitur
1622 1807 1629 1844 :
1646 1796 1676 1847 et
1688 1805 1781 1850 semen
1796 1793 1859 1866 ejus

206 1884 234 1940 in
249 1885 303 1953 oia,
317 1901 396 1959 naam
408 1885 497 1960 eiepit.
811 1936 816 1945 ,
1022 1880 1048 1945 Β
1061 1877 1249 1936 baereditatem
1263 1877 1329 1953 [its.
1341 1878 1514 1954 haereditate]
1525 1882 1675 1954 possidebit
1687 1892 1801 1944 terram.

242 1978 336 2035 Animo
351 1981 409 2053 ψη
423 1980 451 2034 tn
468 1979 541 2036 tonte
562 1979 740 2036 emetitur
761 1995 770 2036 ‚-
796 1987 820 2035 ot
841 1994 927 2036 moron
948 1981 1006 2052 eje,
1094 1971 1309 2028 Firmamentum
1323 1981 1365 2028 est
1380 1971 1512 2028 Dominus
1527 1973 1687 2032 timentibus
1700 1989 1762 2033 eum
1780 1989 1810 2035 ⁰:
1827 1987 1861 2036 et

206 2067 372 2127 maraon
388 2079 495 2128 rurore.
1057 2073 1250 2124 testamentum
1266 2063 1354 2134 ipsius
1369 2063 1435 2140 [lia.
1449 2061 1526 2138 eius]
1542 2073 1571 2121 ut
1582 2064 1775 2124 manifestetur
1788 2069 1855 2128 illis.

240 2161 452 2220 Firmamentum
465 2173 504 2220 eat
517 2163 647 2221 Dominus·
659 2163 810 2220 timentibus
823 2179 898 2233 eunt,
916 2174 943 2222 at
955 2172 1004 2222 tea·
1092 2157 1168 2216 Oculi
1185 2157 1238 2214 mei
1254 2171 1364 2229 semper
1383 2156 1417 2214 ad
1436 2155 1583 2215 Dominum
1608 2175 1616 2215 t
1641 2161 1772 2234 quoniam
1796 2161 1857 2236 ipse

203 2261 348 2312 tamentutn
359 2256 453 2330 ipsius,
467 2267 495 2312 ut
510 2257 691 2328 manifestetur
703 2256 769 2312 illia.
1056 2251 1157 2310 evellet
1169 2249 1204 2307 de
1217 2251 1317 2323 laquea
1331 2248 1415 2320 pedes
1430 2264 1518 2306 meas.

243 2352 320 2409 ocupa
331 2354 384 2410 raet
396 2369 496 2426 ,smper
506 2351 1005 2429 rupommgqrontemtpremtter
1092 2342 1247 2412 Deerrieeiu
1259 2357 1314 2412 me,
1328 2350 1357 2399 et
1368 2339 1522 2402 misererel
1534 2343 1599 2416 mei,
1616 2345 1856 2417 quorriamunieus

203 2446 237 2503 de
248 2447 341 2518 lapuoo
353 2447 432 2518 pedor
445 2463 526 2505 meaa.
1055 2449 1084 2498 at
1098 2455 1201 2512 pauper
1213 2453 1275 2495 sum
1289 2452 1351 2510 ega.

239 2539 349 2614 Respice
357 2540 387 2596 t'tt
397 2540 757 2614 nte,eitttitet·erentei.·attt‘tt
766 2541 859 2598 unione
869 2549 895 2599 et
904 2557 1004 2616 pauper
1089 2533 1295 2592 Tribulatloues
1308 2531 1402 2590 cordis
1417 2532 1472 2588 mel
1488 2532 1612 2590 dilatatae
1625 2533 1642 2609 [
1653 2533 1707 2592 tte.
1721 2538 1856 2610 multipii-

200 2648 260 2690 eurn
277 2651 335 2708 opo.
899 2646 903 2655 ·
1054 2625 1135 2700 erte]
1148 2637 1229 2685 sunt:
1241 2626 1276 2683 de
1288 2625 1499 2684 necessitatibus
1509 2627 1580 2714 meis
1590 2629 1666 2702 eripe
1678 2627 1743 2702 [ila.
1754 2629 1854 2706 libera]

238 2725 428 2782 intentiones
438 2721 778 2798 cardiameintaltiplioata
787 2726 906 2784 aurrtttle
916 2743 1004 2784 nmen·
1054 2735 1109 2778 me.

199 2817 322 2874 sitatibus
335 2819 399 2875 aneis
416 2835 478 2874 erue
492 2833 544 2874 nte.
1089 2799 1365 2870 ttde'trumttnarem
1388 2829 1477 2872 meam
1498 2823 1526 2872 at
1546 2813 1671 2874 laborem
1694 2826 1855 2876 metumtot

239 2911 307 2968 ttae
317 2912 495 2969 termarum
505 2909 888 2970 manettatorenrneunreer
899 2914 1002 2974 atrutte
1053 2905 1160 2964 dimitto
1172 2909 1263 2964 omnia
1277 2917 1387 2980 peecata
1403 2924 1477 2966 mae.

201 3003 326 3060 animm
340 3004 438 3060 talieta
449 3019 520 3059 ntea.
1089 3001 1207 3074 bespiee
1218 3002 1345 3058 inimicos
1357 3017 1443 3073 nreos,
1452 3000 1582 3076 quoniam
1592 3002 1761 3076 multiplicati
1770 3013 1852 3063 sunt:

235 3096 347 3168 ileapiee
358 3096 479 3152 inimicat
490 3112 577 3164 meos,
592 3094 717 3169 quoniam
730 3095 901 3169 multiplicati
913 3109 975 3156 aunt
990 3117 1002 3157 .·
1053 3105 1081 3153 et
1095 3094 1158 3152 odio
1172 3093 1268 3168 iniquo
1282 3094 1400 3152 aderunt
1421 3111 1477 3152 me.

201 3198 227 3247 et
241 3189 302 3246 odia
317 3190 409 3264 iniqua
422 3191 533 3247 oderant
549 3206 602 3246 me.
1088 3189 1201 3246 Custodi
1215 3189 1333 3246 animatu
1352 3204 1441 3248 nteatn
1461 3199 1491 3248 et
1504 3189 1581 3261 eripe
1601 3200 1614 3230 ⁸
1635 3205 1699 3248 ma:
1713 3190 1851 3262 Dauniae,

235 3283 342 3339 Custodi
355 3266 472 3338 animam
483 3299 579 3354 meam,
593 3290 688 3340 eterue
699 3299 739 3339 me
749 3298 759 3338 t
771 3300 823 3340 non
835 3285 996 3358 erubescam,
1012 3279 1037 3346 G
1052 3299 1105 3341 non
1121 3281 1283 3350 contuntur,
1298 3283 1428 3355 quoniam
1443 3284 1570 3340 invocavi
1586 3291 1624 3342 te.

200 3375 443 3449 ouorriameperaui
454 3376 484 3431 in
496 3384 535 3431 te.
716 3409 721 3416 -
1088 3377 1253 3434 lnnoeerrtes
1273 3385 1301 3432 et
1314 3379 1381 3432 reati
1403 3375 1580 3435 atbasernru
1601 3376 1669 3436 mibi
1691 3397 1698 3434 a
1722 3377 1853 3450 quoniam

232 3467 389 3526 irtnoaentet
398 3477 423 3523 et
430 3468 496 3523 reati
508 3467 674 3525 animaene
685 3467 828 3538 irritante
838 3474 952 3529 sustinui
963 3483 997 3530 te.
1052 3472 1170 3530 sustinui
1187 3479 1224 3539 te,
1242 3470 1252 3512 ¹
1271 3471 1399 3528 Domine.

235 3559 561 3631 bibera‚Daneleraet‚ea
573 3561 693 3618 annuitur
704 3561 918 3620 tribulationibus
930 3569 997 3624 anie.
1088 3563 1851 3639 ueutmemo,pausistratusomnibusannnstttsrrrets.

859 3687 1041 3758 usuLtttts
1061 3687 1167 3756 XXV.

478 3803 598 3847 rsuuuos
616 3803 707 3846 numa.
1247 3801 1367 3846 estuans
1383 3785 1455 3862 [ttr.
1470 3783 1538 3860 rust]
1560 3795 1651 3842 arrrn.
1676 3819 1680 3826 -

230 3881 328 3939 iudica
341 3899 392 3950 me,
407 3882 529 3951 Domine,
544 3882 765 3957 quoniamepoin
776 3883 998 3942 innocentianae
1084 3883 1178 3941 iudica
1196 3896 1259 3948 ma,
1277 3867 1412 3950 Domina,
1434 3879 1563 3954 quonlam
1578 3894 1629 3953 opo
1644 3879 1673 3936 iu
1691 3878 1851 3939 innocentia

195 3975 327 4050 inpressas
341 3991 408 4033 rum.
1051 3990 1115 4035 mea
1127 3985 1140 4025 s
1152 3973 1293 4047 ingressus
1307 3987 1380 4029 sum.

231 4068 266 4125 ttr
280 4070 308 4126 in
324 4069 436 4127 Domina
449 4085 557 4142 sperant
573 4085 625 4125 uon
638 4068 802 4139 infirmabor.
1083 4067 1119 4126 Et
1132 4067 1159 4124 in
1176 4065 1291 4122 Domina
1303 4079 1418 4138 speratus
1431 4079 1485 4122 nou
1500 4063 1672 4122 inllrmabar.

222 4161 320 4218 ,Proba
334 4178 386 4231 nte,
408 4161 530 4230 Domine,
544 4169 569 4217 et
585 4170 657 4217 tenta
667 4175 708 4216 me
720 4177 729 4215 .·
741 4177 788 4218 ure
801 4177 876 4219 renea
888 4177 959 4220 meos
971 4170 998 4220 et
1083 4159 1172 4217 trane
1186 4173 1241 4227 me,
1258 4158 1384 4228 Domine,
1398 4167 1427 4216 ot
1439 4166 1513 4215 tantu
1527 4172 1572 4216 me
1586 4175 1592 4214 :
1609 4171 1660 4215 uae
1674 4171 1754 4215 renos
1773 4171 1852 4215 meos

195 4269 240 4308 eor
255 4269 351 4313 meum.
1054 4260 1082 4311 et
1095 4267 1144 4309 aar
1157 4267 1259 4311 meum.

231 4344 363 4412 Quoniam
384 4343 564 4401 misericordia
585 4353 632 4408 tna
644 4354 707 4403 ante
728 4345 820 4404 oculor
846 4363 918 4404 meos
932 4356 996 4405 ent:
1082 4349 1220 4419 Quoniam
1232 4346 1423 4405 misericordia
1439 4355 1486 4405 tua
1500 4355 1566 4404 ante
1578 4345 1675 4404 oeulos
1691 4359 1769 4403 meos
1783 4354 1849 4404 est:

197 4446 221 4492 et
234 4438 382 4510 complacui
394 4438 422 4493 in
437 4439 544 4494 ueritate
557 4448 615 4496 tua.
1048 4452 1076 4501 et
1089 4442 1244 4514 eomplaeni
1258 4443 1284 4500 in
1299 4442 1416 4500 ueritate
1430 4450 1486 4498 tua.
1820 4426 1823 4431 ¹

231 4527 295 4584 Nou
308 4530 364 4585 sedi
378 4546 439 4586 oum
452 4531 564 4588 comitio
577 4532 723 4590 sanitatis:
738 4542 762 4591 et
774 4549 833 4590 cum
845 4533 937 4608 iniqua
950 4552 995 4611 pe·
1082 4537 1143 4595 Non
1159 4537 1219 4594 sedi
1234 4539 1261 4595 iu
1274 4536 1394 4594 consilio
1409 4535 1480 4612 [lia.
1497 4535 1618 4593 coneilio
1629 4533 1639 4610 ]
1652 4533 1783 4592 vanitatis
1798 4551 1805 4591 ε
1822 4539 1852 4593 et

193 4621 311 4677 rentibus
323 4638 376 4677 non
390 4623 514 4679 introibo.
1048 4647 1110 4688 cum
1125 4632 1215 4704 iniqua
1229 4631 1388 4703 gerentibus
1403 4646 1457 4688 nan
1473 4631 1606 4689 introibo.

230 4712 453 4771 Odiuiecalaaiam
464 4715 687 4790 malipnantittm:
706 4725 732 4772 et
749 4732 810 4772 aunt
828 4717 919 4792 impiis
939 4736 992 4776 aton
1083 4722 1199 4784 ΙΙ0(Ιὶνὶ
1224 4727 1464 4798 congregationem
1490 4726 1673 4800 malignorum
1695 4741 1703 4780 :
1729 4732 1758 4782 et
1783 4737 1848 4781 tunt

192 4807 294 4866 rotato.
1047 4816 1140 4891 impiis
1154 4832 1209 4875 noe
1224 4817 1339 4875 sedebo.

229 4994 243 5070 f
262 4985 352 5056 Atque
369 4983 413 5061 bio
425 4997 568 5056 perperam
582 4982 692 5041 obelum
714 5000 766 5057 pro
786 4990 917 5048 asterisco
939 4989 1032 5064 lia-1)
1045 5003 1101 5050 tum
1117 4993 1184 5050 dieit
1199 4993 1390 5067 {lieronymus
1414 4993 1492 5052 Unde
1511 4993 1578 5050 illud
1596 4996 1729 5068 expunxit
1743 4995 1769 5054 in
1793 5013 1839 5058 se·

196 5059 297 5113 latrans
309 5054 438 5114 etCarus
453 5064 633 5140 praenotant..
926 5119 929 5124 ,
1045 5066 1136 5122 euntia
1156 5065 1357 5122 emendatione.
1379 5065 1517 5123 Ornissum
1536 5074 1579 5124 est
1600 5067 1673 5124 idem
1693 5083 1794 5124 nomen
1819 5071 1846 5126 in

230 5126 245 5166 Β
260 5128 349 5210 ᾼιηυο
361 5131 412 5185 boe
422 5128 615 5199 exdngusttuu
626 5130 698 5186 tdem
708 5146 774 5199 ms„
785 5133 991 5204 atquiamiaeri-
1045 5152 1097 5194 ms.
1110 5136 1233 5195 liemaro
1243 5137 1375 5193 Psalterio
1386 5136 1547 5207 sorbonico,
1578 5139 1682 5194 numnis
1693 5140 1846 5198 inadversa

195 5198 292 5257 sardare
302 5210 354 5255 tue
366 5217 382 5253 a
394 5199 490 5257 torulo
504 5211 575 5256 sunt.
1045 5210 1189 5273 autumna,
1207 5208 1252 5264 ubi
1266 5205 1380 5264 Graecus
1402 5216 1546 5266 coarmatus
1592 5209 1639 5264 lix
1659 5209 1846 5280 lrrterpretum

115 5309 120 5315 .
232 5281 245 5310 s
264 5272 342 5339 Qttod
355 5281 398 5326 est
410 5271 498 5328 Greci
513 5271 616 5328 eodiais
632 5273 811 5330 Alexandrini
831 5276 989 5349 glossema,
1047 5279 1150 5335 Latinis
1171 5279 1270 5336 litteris
1293 5279 1447 5349 descriptus
1466 5289 1529 5350 est,
1556 5281 1664 5350 legatur
1678 5281 1730 5338 boe
1752 5283 1844 5351 modo,

194 5352 220 5397 et
233 5356 327 5398 namen
339 5341 445 5398 Domini
456 5344 601 5399 timentibus
615 5360 684 5413 eum,
700 5347 868 5418 Augustinus
879 5348 924 5406 bia
935 5351 992 5406 sul·
1045 5368 1055 5406 r
1076 5351 1158 5407 rnrina
1173 5368 1199 5406 se
1217 5349 1282 5417 liro,
1298 5352 1417 5426 irripuerit
1430 5375 1461 5410 aa
1474 5355 1559 5426 rapte,
1575 5355 1600 5410 te
1610 5363 1666 5420 ast,
1680 5355 1794 5412 ettntinui
1807 5365 1843 5423 te,

197 5413 266 5482 licit,
281 5428 314 5469 ex
328 5428 416 5485 eoque
427 5414 515 5471 codex
526 5415 704 5474 Veronensis.
1048 5369 1167 5478 Kambre
1181 5423 1270 5478 llnuu.

232 5484 247 5523 ά
268 5483 365 5541 Editor
378 5485 543 5542 Veronensis
553 5487 677 5544 Psatterii
690 5503 839 5558 pronomen
853 5490 903 5546 mei
917 5499 993 5548 trum·
1081 5495 1147 5551 -S.
1161 5496 1220 5564 ipse
1234 5495 1324 5556 linter.
1339 5495 1420 5562 epist.
1433 5494 1467 5548 nrl
1479 5494 1623 5561 Saunium,
1635 5497 1668 5552 ad
1681 5501 1739 5554 tuae
1751 5498 1848 5566 rerba,

198 5565 253 5624 eat,
268 5571 321 5612 nec
334 5557 397 5612 lereti
412 5558 543 5614 lectorem
550 5570 667 5622 monet.
686 5562 805 5632 eulaius
818 5561 991 5634 expurrgendi
1046 5567 1224 5636 quiasustirmi
1239 5575 1263 5620 te
1277 5582 1286 5621 :
1301 5564 1334 5620 lit
1348 5565 1445 5629 dicitis,
1461 5567 1705 5637 maturaremus
1719 5571 1848 5644 reperisse

197 5643 278 5686 eausa
294 5628 390 5714 addit,
405 5641 467 5684 aum
482 5627 548 5683 illud
564 5637 654 5685 tamen
670 5631 817 5702 originales
844 5642 936 5690 textus
961 5650 994 5692 aa
1049 5637 1179 5706 Domine,
1194 5637 1263 5707 puori
1278 5639 1503 5710 superponerent.
1519 5638 1580 5696 bot
1597 5639 1763 5698 Veronensis
1778 5657 1845 5710 ms..

198 5699 261 5758 iibri
277 5701 323 5756 alrt
337 5713 433 5755 omnes
452 5699 582 5756 babeant.
1008 5763 1017 5780 .
1049 5707 1260 5764 tribulationibus
1278 5708 1360 5765 babet
1377 5724 1426 5778 pro
1440 5711 1580 5782 otrprtttt'is.

237 5783 249 5811 τ
270 5771 342 5852 lutera
357 5785 430 5838 ms,
451 5787 511 5826 erue
530 5787 591 5836 me,
617 5788 669 5827 uon
683 5775 851 5843 confundar,
873 5777 995 5848 quartiam
1085 5789 1098 5828 t
1121 5779 1203 5836 liniae
1215 5795 1276 5836 orum
1290 5781 1439 5850 Arrgrrstino
1455 5781 1607 5841 veronens.
1624 5798 1693 5853 nus,
1713 5782 1848 5843 ambulari

216 5841 304 5916 paraui
318 5859 345 5894 rrr
361 5851 394 5906 te,
406 5843 508 5912 jrrgiter
521 5857 554 5897 en
567 5843 729 5909 Augustino.
1049 5861 1075 5908 ot
1089 5851 1116 5905 iu
1131 5849 1183 5907 Deo
1197 5867 1389 5926 merneram,
1403 5867 1458 5909 ero.

202 5935 208 5951 ·
239 5912 249 5952 l
267 5911 384 5971 larbam
398 5913 469 5972 istud
485 5913 740 5988 Domineauperdee
753 5915 781 5973 'rtr
800 5918 896 5977 Graeco
920 5921 997 5992 posi-
1088 5921 1102 5962 ¹¹
1121 5920 1196 5982 ldem
1215 5937 1267 5982 rus.
1286 5933 1315 5983 et
1333 5925 1448 5998 brrgrrst.
1475 5925 1536 5982 odio
1550 5925 1628 5982 tretrrt
1644 5943 1652 5982 t
1670 5935 1726 5984 tum
1742 5926 1849 5988 trunto
