4017 6334
6 5844 125 6254 p

217 265 251 322 ii
242 265 271 324 ›t
555 355 572 366 ‚
712 273 742 331 8.
764 269 955 330 ttttttttttttttt
973 265 1090 327 bltltttt
1111 270 1351 331 titttt10tttttct.
1451 265 1455 272 ’
1818 267 1870 326 tut

218 398 301 445 stus·
315 389 413 448 ιΙοίιιιιι
427 391 444 446 ii
460 391 507 461 pul
521 401 586 448 sunt
598 388 712 462 Christi,
726 391 773 461 qui
788 392 817 447 in
829 391 949 447 adventu
964 388 1025 460 ejus
1036 387 1065 450 t
1076 388 1222 447 novissima
1238 389 1321 448 tuba:
1337 391 1504 449 canetenim
1520 392 1603 463 tuba,
1625 400 1654 450 et
1668 389 1769 448 mortui
1784 401 1873 445 resur·

219 479 407 539 crediderunt.
427 483 531 541 Deinde
550 484 611 540 llnis
628 502 635 539 ε
656 499 717 541 cum
742 483 884 542 tradiderit
903 497 1019 554 reguum
1069 492 1134 554 pent
1148 484 1318 555 incorrupti:
1334 491 1364 541 et
1375 497 1426 543 nos
1438 485 1653 542 immutabimur.
1670 481 1786 554 Oportet
1798 480 1872 537 enim

222 571 280 630 lieo
293 582 323 631 et
336 575 427 646 Patri,
443 592 504 634 curu
519 577 692 634 evacuaverit
712 593 820 633 omnem
838 577 1019 648 principatum
1070 575 1247 649 eurmptibile
1258 576 1310 635 bne
1324 578 1437 636 induere
1452 580 1701 648 incorruptionem:
1714 585 1743 636 et
1757 575 1875 634 mortale

222 677 250 722 et
263 676 445 737 potestatem,
467 679 496 726 et
516 670 643 727 uirtutem
665 680 688 726 ¹.
713 670 829 741 Oportet
840 680 930 726 autem
945 669 1019 725 illum
1071 669 1124 726 iton
1146 668 1263 727 inducre
1285 671 1531 729 immortalitatem.
1562 671 1630 729 Cum
1653 681 1746 728 autem
1757 669 1876 726 mortale

223 775 360 833 regnare,
377 762 466 820 donec
489 775 571 836 ponat
586 765 820 821 omnesinimicos
842 765 893 822 sub
906 764 1021 835 pedibus
1071 761 1124 820 hoc
1146 763 1267 820 induerit
1289 763 1546 832 immortalitatem,
1570 774 1634 822 ιιιιιο
1646 763 1813 831 betscrmo,
1828 761 1877 832 nul

223 854 294 926 ejus.
321 854 475 914 Novissima
498 867 591 915 autem
615 859 724 915 inimica
748 857 906 916 destruetur
927 872 1020 915 mors:
1072 857 1190 927 scriptus
1213 865 1274 914 est:
1299 858 1435 929 tbsurpn
1461 867 1504 916 est
1526 873 1599 916 murs
1622 858 1652 915 in
1672 857 1800 914 uictoria.
1825 854 1877 913 ttbt

224 948 322 1004 Omnia
335 950 407 1005 enim
421 951 538 1022 subjecit
552 953 604 1008 sub
617 953 733 1025 pedibus
751 952 823 1020 cius.
843 953 912 1009 Cum
929 961 1021 1009 autem
1072 955 1126 1020 cst,
1140 963 1224 1018 murs,
1241 949 1431 1006 victoriatus?
1446 952 1491 1008 ubi
1506 949 1783 1019 est,mors,stimulus
1799 947 1880 1005 tunsi

223 1039 317 1099 dicata
333 1041 430 1098 Omnia
452 1043 576 1115 subjecta
596 1045 715 1102 suntei:
739 1045 800 1102 sine
821 1044 905 1104 dultin
923 1054 1023 1116 practer
1074 1041 1208 1099 Stimulos
1227 1051 1319 1100 autem
1339 1045 1435 1102 mortis
1453 1055 1594 1116 peccatum
1618 1055 1661 1103 est
1675 1063 1683 1100 ι
1698 1045 1787 1102 virtus
1808 1057 1879 1100 reru

224 1151 308 1202 eum,
330 1136 378 1207 qui
396 1137 514 1208 subjecit
532 1138 558 1194 ei
578 1139 679 1194 omnia.
712 1138 886 1196 Cumautem
902 1139 1024 1211 subjecta
1076 1133 1246 1206 peccatilex.
1268 1135 1564 1210 lieoautemguatias,
1587 1138 1632 1210 qui
1655 1134 1881 1194 declitnobisvi-
1959 1199 1963 1208 .

226 1227 328 1288 interint
344 1231 382 1286 ilii
395 1232 506 1288 omnia:
524 1235 628 1290 tunc‘et
642 1235 701 1304 ipse
722 1233 808 1291 Filius
822 1235 1026 1305 subjectuserit
1075 1231 1189 1286 etoriam
1215 1244 1264 1300 per
1286 1230 1434 1289 liominum
1460 1239 1584 1288 ιιοιιιιιιο
1608 1230 1701 1288 lesum
1723 1230 1882 1288 Christum.

225 1325 271 1394 ci,
294 1327 340 1396 qui
365 1325 481 1397 subjecit
501 1328 553 1406 sibi
577 1329 689 1397 omnia,
713 1336 742 1384 ut
757 1329 793 1384 sit
805 1329 877 1385 Decus
892 1328 984 1386 omnia
997 1327 1025 1384 in
1078 1322 1182 1395 ltaque,
1197 1324 1296 1382 iratres
1311 1327 1364 1382 mei
1380 1326 1487 1395 dilecti,
1502 1326 1615 1382 stabiles
1628 1332 1727 1391 estote,
1743 1333 1771 1382 et
1781 1324 1884 1380 immo-

226 1417 367 1475 omnibus.
396 1420 523 1493 Alioquin
555 1422 621 1491 putu
649 1423 754 1479 iaciunt
781 1423 828 1495 qui
854 1422 1027 1494 baptizantur
1078 1418 1167 1476 biles:
1183 1418 1355 1477 abundantes
1378 1422 1406 1478 iu
1427 1435 1512 1494 opere
1528 1419 1635 1477 Domini
1656 1433 1777 1488 semper,
1792 1417 1885 1475 scien-

226 1528 278 1584 prn
300 1514 436 1582 mortuis,
469 1517 493 1572 si
515 1517 627 1573 omuino
653 1517 754 1573 mortui
776 1532 831 1573 non
860 1517 1028 1590 resurgunti
1079 1518 1121 1569 tes
1135 1512 1207 1584 quud
1223 1512 1301 1569 labnr
1314 1523 1406 1571 uester
1420 1527 1475 1570 uun
1488 1521 1530 1571 est
1543 1512 1632 1570 inanis
1642 1513 1670 1569 iu
1686 1511 1815 1570 Domino.

228 1615 259 1662 ut
273 1606 338 1678 quid
356 1616 381 1662 et
399 1606 571 1678 baptizantur
585 1624 634 1681 pru
657 1609 738 1666 illisi
752 1608 863 1681 rut-quid
877 1618 905 1666 et
917 1625 968 1666 nos
980 1624 1028 1681 pe·
1101 1605 1190 1680 ’[(Ξιιρ.
1206 1604 1291 1678 llll]
1311 1604 1350 1664 lie
1362 1606 1484 1664 collectis
1495 1614 1585 1664 autem
1596 1649 1604 1675 ,
1616 1622 1679 1679 qrrae
1692 1605 1763 1662 liunt
1775 1605 1803 1662 iu
1818 1620 1886 1661 san·

229 1702 384 1759 riclitamur
402 1707 477 1760 omni
506 1705 593 1762 irorai
633 1703 760 1774 Quotidie
781 1705 885 1762 morior
908 1718 958 1775 per
982 1719 1029 1760 ae·
1081 1709 1153 1769 otus,
1171 1701 1241 1756 siout
1255 1698 1381 1756 ordinari
1393 1699 1524 1757 Ecclesiis
1537 1697 1671 1764 Galatiae,
1693 1699 1728 1754 ita
1742 1707 1835 1755 etrus
1848 1695 1889 1753 la-

229 1807 315 1854 stram
339 1798 474 1871 gloriam,
497 1799 617 1869 iratres,
650 1814 729 1871 quam
756 1798 844 1856 babeo
867 1800 895 1855 in
921 1796 1031 1854 Ciuistn
1046 1783 1145 1850 licite.
1168 1792 1221 1849 Per
1242 1780 1323 1848 uuam
1338 1791 1445 1850 sabbati
1470 1792 1657 1863 rruusquisque
1676 1800 1798 1848 teatrum
1813 1788 1890 1862 apud

233 1891 300 1948 lesu
326 1890 443 1948 Domino
460 1900 564 1948 nostro.
594 1891 623 1948 st
647 1890 810 1964 (monadum
830 1888 981 1962 bominem)
996 1890 1031 1947 acl
1083 1903 1113 1944 sc
1137 1897 1268 1958 seponat,
1290 1887 1443 1944 recondens
1465 1885 1536 1958 qrrotl
1559 1886 1585 1943 ei
1601 1884 1841 1957 beneplacuerit:
1859 1889 1890 1938 ut

232 1982 335 2039 bestias
349 1983 469 2055 pugnaui
480 1984 591 2055 Ephesi,
607 1983 671 2056 quid
683 1985 749 2040 mitri
762 1983 883 2056 prodest,
896 1985 919 2040 si
930 1984 1031 2041 mortui
1084 1994 1138 2037 non
1151 2021 1158 2048 ,
1172 1994 1233 2036 oum
1249 1993 1370 2044 uenero,
1391 1990 1455 2036 tunc
1469 1978 1591 2036 collectae
1606 1977 1683 2035 itant.
1712 1975 1780 2032 Cum
1793 1984 1889 2032 autem

236 2092 291 2133 non
305 2079 471 2150 resurgunt!
484 2079 692 2147 manducemus,
702 2088 730 2135 et
739 2079 872 2147 bibamus,
885 2093 947 2135 crus
959 2078 1032 2134 cuim
1085 2087 1207 2144 presens
1220 2070 1298 2128 lucro
1311 2091 1317 2126 ι
1333 2086 1402 2144 quius
1415 2071 1597 2143 probaveritis
1610 2086 1659 2141 per
1672 2070 1821 2142 epistolas,
1837 2070 1890 2126 bns

234 2174 395 2228 moriemur.
417 2172 506 2229 botin
521 2171 826 2244 seduci.currumpuut
842 2186 933 2228 mores
947 2172 1034 2227 burras
1086 2165 1191 2221 mittam
1224 2159 1350 2235 perterre
1382 2163 1496 2235 cratian
1527 2172 1647 2220 vestram
1672 2162 1700 2218 tn
1723 2160 1889 2217 Jerusalem.

234 2264 373 2337 colloquia
387 2266 469 2322 mala.
501 2266 647 2337 Evigilate
662 2265 747 2338 justi,
763 2275 789 2322 et
802 2266 889 2323 nolite
899 2279 1033 2337 peccare:
1086 2257 1164 2328 Quod
1177 2257 1199 2314 si
1212 2257 1322 2330 (lignum
1336 2257 1427 2324 inerit,
1445 2265 1475 2312 ut
1488 2267 1515 2313 et
1527 2272 1577 2328 ego
1587 2271 1659 2322 eam,
1673 2269 1782 2312 mecum
1799 2254 1890 2311 ibunt.

235 2355 417 2434 ignorantiam
441 2357 515 2415 enim
530 2355 578 2414 liei
592 2357 702 2430 qrridam
715 2346 892 2424 babent,'atl
907 2373 1035 2414 reveren·
1088 2351 1203 2407 Veniam
1218 2361 1308 2406 autem
1323 2351 1357 2406 ad
1375 2365 1443 2420 vos,
1467 2359 1530 2406 eum
1546 2349 1729 2406 llaoedouiam
1746 2355 1890 2418 pertrans·

236 2449 303 2504 tiam
318 2449 398 2504 uobis
412 2448 520 2521 loquor.
534 2435 595 2506 ‘Sed
611 2450 684 2506 dicet
697 2449 813 2521 aliquis:
832 2449 976 2519 Quomodo
989 2466 1035 2507 re·
1088 2445 1165 2503 iero:
1191 2461 1254 2502 nam
1270 2446 1454 2522 Macedoniam
1475 2443 1662 2517 pertransibo.
1682 2442 1762 2514 Aput
1777 2457 1828 2500 ros
1844 2458 1890 2499 au·

236 2551 354 2614 surgunt
363 2542 486 2598 mortuil
499 2543 609 2615 qualive
622 2557 737 2616 corpore
749 2541 1036 2614 seruientilnsipicns,
1089 2549 1143 2597 tem
1168 2541 1280 2598 iursitan
1303 2542 1438 2609 manebo,
1459 2542 1504 2599 uel
1519 2544 1601 2622 etiarn
1616 2541 1772 2614 bpemabn,
1798 2549 1889 2596 utros

237 2643 265 2690 ιο
280 2634 352 2706 quoti
366 2635 486 2690 seminas
502 2649 556 2691 uon
572 2635 738 2704 titillentur,
766 2635 820 2690 nisi
844 2634 919 2706 prius
936 2636 1038 2692 moria·
1090 2649 1133 2692 me
1146 2633 1286 2692 deducatis
1300 2650 1473 2707 quocumque
1489 2637 1558 2691 iero.
1575 2613 1644 2690 llolu
1658 2634 1729 2689 etnim
1747 2649 1797 2690 uos
1809 2631 1891 2690 modo

236 2735 291 2783 tur.
312 2726 347 2782 lit
369 2727 442 2798 quod
464 2727 603 2796 seminas,
620 2731 806 2798 nonnorpus,
828 2725 1037 2800 qrrodluturum
1090 2731 1117 2786 in
1139 2729 1255 2785 transitu
1275 2727 1387 2796 videre,
1422 2742 1503 2798 spero
1527 2728 1600 2784 eninr
1626 2742 1670 2782 me
1691 2724 1926 2795 aliquantulum

238 2828 301 2887 est,
315 2822 454 2891 seminas,
472 2819 520 2877 scal
541 2821 642 2877 nudum
664 2836 796 2894 granum,
824 2827 918 2890 utputa
943 2819 1036 2886 tritici,
1090 2823 1222 2896 temporis
1248 2838 1359 2880 manere
1379 2823 1450 2893 apud
1473 2837 1538 2890 vos,
1559 2823 1581 2878 si
1599 2821 1731 2877 Dominus
1755 2821 1891 2892 permise-

239 2913 599 2984 autalinujuscarterurum.
624 2914 697 2972 liena
717 2914 1039 2984 autemdatiilicorpus
1091 2915 1327 2972 ritPermanebo
1352 2923 1442 2970 οιιιοοι
1467 2913 1567 2985 Ephesi
1591 2913 1734 2984 usquead
1758 2913 1890 2970 Penteco-

239 3005 398 3062 sicuttult:
410 3018 439 3063 et
460 3008 756 3080 uuicuiquetenainum
773 3007 911 3080 proprium
927 3022 1038 3078 corpus.
1091 3017 1162 3064 sien.
1182 3007 1289 3064 Ostium
1312 3008 1386 3063 enim
1410 3007 1477 3062 ntilti
1502 3016 1626 3076 apertum
1647 3014 1690 3061 est
1707 3020 1851 3077 magnum,
1865 3013 1891 3062 ei

238 3099 299 3156 Nun
319 3102 412 3158 omnis
434 3116 499 3158 caro
522 3102 618 3159 eadem
638 3117 724 3161 earo:
738 3103 788 3159 secl
801 3102 853 3157 alra
864 3101 975 3174 quadem
988 3102 1039 3159 bo
1091 3101 1222 3172 evidens,
1248 3111 1276 3158 et
1293 3100 1442 3157 adversarii
1463 3099 1554 3156 multi.
1574 3099 1603 3157 si
1620 3107 1711 3155 autem
1725 3101 1833 3156 uenerit
1846 3098 1893 3156 'lt

240 3194 364 3263 minum,
389 3195 553 3252 aliaivcru
569 3211 718 3266 pecorum,
742 3197 796 3251 alrn
808 3196 970 3263 volucrum
986 3175 1239 3266 ntiaCmntbaus,
1255 3194 1346 3251 uidete
1368 3205 1398 3250 ut
1419 3208 1479 3251 sune
1491 3194 1589 3251 tumore
1604 3193 1640 3249 art
1653 3191 1723 3263 apud
1738 3207 1807 3249 uos
1823 3206 1894 3263 opus

240 3295 331 3344 autem
343 3302 471 3358 pisorum
483 3288 516 3344 Et
526 3303 641 3360 corpora
651 3288 784 3354 uoetesna
795 3297 944 3360 etcorpnra
954 3296 1041 3344 terre
1092 3290 1165 3345 enim
1188 3287 1298 3344 liumini
1321 3297 1459 3357 operatur,
1485 3286 1556 3344 sicut
1574 3295 1602 3344 et
1616 3301 1707 3357 egn
1699 3285 1737 3342 b'e
1752 3299 1814 3356 quus
1828 3299 1895 3356 crgo

236 3381 327 3436 stria:
343 3381 578 3452 sodalisquidem
592 3383 861 3455 coelestiumgiuria,
876 3383 926 3438 alia
946 3393 1039 3439 autem
1093 3382 1168 3438 rlluru
1184 3389 1315 3451 spernat
1328 3379 1454 3437 deducite
1467 3387 1558 3436 autem
1574 3378 1669 3435 rllrrm
1663 3393 1690 3435 m
1706 3391 1785 3448 pace
1802 3386 1832 3431 ut
1845 3391 1895 3433 re

242 3474 425 3530 terrestrium.
452 3474 514 3532 lilia
533 3476 643 3533 claritas
667 3476 749 3543 sotis,
764 3477 819 3531 aba
832 3477 941 3532 claritas
955 3475 1039 3544 lunae,
1093 3477 1151 3532 mat
1163 3475 1197 3532 ad
1212 3491 1275 3532 me
1292 3485 1423 3547 exspecto
1437 3491 1510 3530 enum
1526 3475 1602 3530 ultrum
1616 3489 1676 3530 cum
1692 3472 1833 3530 iratribus
1856 3472 1895 3528 tte

242 3567 334 3623 etalta
347 3567 460 3624 elarrtas
474 3569 622 3625 stellarum
644 3568 729 3626 Stella
742 3569 937 3627 enrmastella
950 3567 1042 3625 dullcrt
1094 3573 1192 3644 Apollo
1213 3579 1304 3628 autem
1326 3569 1411 3626 fratre
1433 3567 1511 3625 robis
1534 3576 1627 3623 nutum
1649 3565 1742 3633 lanio,
1763 3564 1893 3638 quoniam

204 3722 208 3726 ,
244 3677 272 3718 ιο
287 3661 436 3719 elarrtate
464 3661 505 3718 sie
522 3670 550 3718 et
565 3663 731 3718 resurrectio
748 3675 930 3720 mortuomm.
951 3664 1040 3720 Semi·
1093 3667 1207 3724 multum
1220 3679 1312 3735 rugant
1326 3677 1411 3731 ecum,
1439 3668 1470 3716 ut
1484 3661 1592 3717 renuet
1614 3657 1648 3716 nd
1662 3674 1712 3716 uos
1726 3673 1787 3714 oum
1799 3657 1893 3714 iratrr

244 3763 324 3810 natur
337 3770 365 3811 m
378 3754 577 3826 eormptruue
600 3763 696 3828 surget
711 3773 737 3812 ιο
752 3757 969 3827 ιιιοοιιοοιιοιιο
989 3757 1040 3814 Se·
1093 3761 1162 3818 bus:
1189 3769 1218 3816 et
1239 3759 1331 3828 utique
1355 3769 1411 3813 non
1435 3757 1485 3812 lurt
1497 3756 1624 3812 voluntas
1638 3763 1667 3810 ut
1681 3768 1752 3809 uurrc
1767 3753 1893 3810 nemrot

243 3849 401 3905 minaturru
414 3848 599 3922 ignobilitate
616 3859 709 3922 surget
724 3867 751 3906 ru
766 3851 865 3923 glorta
885 3851 1043 3909 Seminatur
1093 3855 1296 3918 verrietautem,
1308 3848 1663 3908 cumeituacunmluerit.
1678 3847 1806 3919 Vigilate,
1822 3854 1896 3903 state

244 3959 272 4000 ιο
286 3943 463 4014 tulirmrtate
488 3953 580 4018 surget
594 3961 622 4001 ιιι
642 3946 752 4002 uirtute.
772 3943 931 4003 seminatur
942 3963 1042 4019 corpus
1094 3947 1121 4004 iu
1138 3946 1200 4014 inde,
1216 3945 1333 4002 mrrlner
1351 3943 1437 4016 agite,
1458 3951 1486 3999 ct
1503 3941 1707 4000 comortamini.
1737 3940 1836 3996 Omma
1847 3953 1895 3996 ue·

244 4037 363 4094 animale
373 4047 486 4110 surget
499 4054 600 4110 eorpus
616 4040 748 4109 spiritale
769 4041 799 4098 St
814 4053 856 4098 est
868 4057 969 4114 corpus
983 4061 1044 4100 nur
1094 4049 1150 4096 stra
1163 4055 1189 4096 ιο
1201 4041 1335 4095 clrnrrtate
1351 4039 1429 4094 itant
1453 4035 1643 4092 Obsecruaut
1645 4047 1764 4099 muns,
1780 4031 1892 4100 inatres,

246 4130 328 4201 male,
340 4139 382 4187 est
395 4130 568 4201 etsprrrtale
586 4132 657 4189 sreut
668 4134 798 4204 scriptum
810 4145 870 4192 est
887 4135 987 4192 Factus
1000 4148 1043 4194 est
1095 4134 1182 4190 nostis
1203 4132 1314 4189 domuum
1331 4131 1498 4200 Stephana,
1510 4139 1538 4186 et
1550 4128 1705 4197 Fortunati
1721 4136 1747 4185 et
1762 4127 1892 4184 bebatur

244 4226 351 4297 primus
366 4225 447 4281 bomo
463 4226 581 4281 Adam
574 4243 602 4281 ιιι
625 4241 742 4282 ammam
755 4229 910 4296 uiuentem
925 4233 1042 4288 novissi-
1094 4229 1303 4301 quioniamsunt
1325 4225 1451 4297 primitias
1473 4223 1597 4292 lclrniae,
1623 4221 1892 4280 etinminiteriuur

246 4333 309 4378 mus
321 4320 431 4377 Atiam
424 4336 452 4375 m
465 4319 592 4391 optutum
605 4320 799 4378 nutricantem
828 4323 881 4379 Sed
897 4339 950 4379 uon
968 4325 1044 4395 prius
1094 4332 1250 4381 sanctorum
1266 4323 1461 4379 ordinaverunt
1476 4335 1548 4390 serp
1536 4335 1601 4376 os
1627 4329 1696 4375 utet
1716 4335 1766 4375 uos
1789 4319 1892 4374 subditi

245 4412 318 4485 quoti
333 4412 457 4485 spurttale
477 4422 540 4483 est,
556 4413 604 4470 secl
617 4413 709 4490 quod
707 4415 844 4471 animale
856 4416 955 4474 detrude
970 4419 1043 4487 puori
1095 4417 1155 4475 stus
1168 4415 1324 4488 ejusmodi
1348 4425 1377 4470 ct
1390 4429 1464 4470 οοιοι
1482 4413 1661 4483 cooperanti
1675 4405 1892 4468 ctiabnramil.

245 4505 378 4577 spiritale.
392 4505 497 4561 Primus
511 4507 593 4563 bomo
607 4505 642 4562 dn
653 4515 734 4577 terra,
748 4515 892 4566 terrenus
907 4510 1044 4568 secundus
1096 4511 1207 4570 Gaudeo
1218 4517 1308 4565 autem
1322 4524 1349 4564 ιο
1364 4507 1508 4578 presentia
1521 4505 1685 4577 Stephane
1698 4516 1724 4560 et
1740 4500 1893 4570 Fortunati,

248 4598 465 4665 bononorum,
479 4599 608 4658 coelcstis.
621 4601 859 4672 Qualisterrenus,
870 4603 974 4662 talesct
988 4613 1044 4662 ter·
1056 4567 1084 4630 D
1097 4616 1125 4664 et
1139 4605 1270 4662 benaici:
1295 4603 1424 4675 quioniam
1452 4601 1500 4669 id,
1527 4602 1598 4670 pund
1616 4599 1693 4654 tobis
1718 4598 1826 4666 deerat,
1843 4597 1893 4667 ipsi

247 4695 325 4750 reni.
340 4694 605 4765 etqualiscoelcstis,
618 4695 872 4753 talesetcurlestes.
882 4696 976 4768 lpitur,
990 4699 1043 4755 sie·
1090 4701 1312 4771 supplevemnt;
1327 4697 1483 4754 reiecerunt
1502 4695 1574 4752 euim
1596 4702 1625 4750 ct
1644 4707 1733 4748 mcum
1754 4691 1891 4763 spiritum,

244 4795 276 4843 ¹1²
293 4787 463 4858 wilellmus
480 4788 623 4859 imaginem
636 4789 737 4846 terreni
741 4792 956 4861 ,portemuset
949 4793 1045 4863 pungi·
1095 4805 1125 4854 et
1137 4805 1268 4852 vestrum.
1279 4793 1439 4864 cognuscite
1452 4807 1516 4866 erpo
1526 4807 1571 4862 qur
1565 4785 1739 4859 'uniusmodi
1752 4797 1829 4841 sunt.
1846 4783 1895 4842 Sa-

245 4895 309 4936 nem
323 4881 453 4937 eoelestis.
469 4879 701 4937 lluuautcmtlico
713 4882 852 4952 ,iratrcsz
868 4884 1044 4954 qrrianaroet
1093 4889 1245 4944 lutautrns
1268 4885 1398 4942 lictwieinu
1418 4883 1502 4940 Asiae.
1524 4881 1648 4938 Sulcitani
1670 4879 1760 4935 vosiu
1778 4877 1894 4934 bonrinn

244 4974 355 5046 sanguis
375 4989 487 5047 regnum
509 4975 556 5032 bei
575 4975 716 5047 possidere
735 4993 789 5033 non
804 4990 939 5048 possunt:
955 4995 1043 5052 uentre
1096 4981 1222 5047 multum,
1239 4979 1335 5050 Antulla
1350 4986 1378 5033 et
1389 4975 1525 5042 Priscilla
1540 4989 1601 5031 cum
1613 4970 1764 5028 ‹lomestica
1780 4986 1829 5026 sua
1845 4969 1893 5025 Eo-

242 5069 382 5138 corruptio
396 5069 605 5140 incorruptelam
620 5067 777 5138 possidebit
797 5070 867 5128 Ecce
882 5073 1041 5144 mysterium
1096 5075 1200 5132 clesia:
1223 5071 1293 5142 apud
1309 5069 1567 5142 quusettruspitor.
1587 5065 1776 5123 Salutantuns
1797 5077 1891 5120 ornnes

244 5162 322 5220 rubis
344 5161 423 5218 dieo.
439 5160 540 5218 Omnes
563 5163 674 5234 quinem
697 5177 888 5236 resurgemus,
913 5166 960 5223 sed
985 5183 1041 5225 nou
1095 5169 1205 5224 iratres.
1237 5165 1359 5222 Salutate
1383 5162 1500 5219 inuicem
1528 5161 1555 5216 in
1571 5158 1668 5215 osculo
1689 5164 1795 5215 sarrcto.
1816 5155 1894 5214 Salu-

243 5257 569 5351 omnesimmutabimur.
589 5257 783 5327 lumomento‚
797 5259 1020 5333 inictuouulis
1012 5277 1039 5319 tn
1096 5263 1172 5330 tatio,
1188 5275 1248 5317 mea
1262 5273 1343 5315 manu
1358 5256 1446 5314 Pauli
1467 5255 1495 5312 St
1509 5271 1571 5326 quas
1586 5269 1642 5311 non
1656 5263 1730 5310 amat
1744 5251 1890 5310 Dominum

278 5506 471 5593 ιΩιιοιιιιιιιιίι
485 5507 528 5565 luc
541 5508 680 5565 Palatinus
691 5523 762 5578 ms
778 5517 803 5565 et
817 5510 1033 5580 deminutionem,
1088 5508 1135 5580 bn,
1152 5510 1310 5592 εὐκαιρήσῃ,
1325 5506 1352 5568 in
1372 5502 1496 5562 Palatino
1516 5518 1567 5560 ms.
1583 5501 1694 5575 leptim,
1713 5517 1773 5558 cunt
1798 5503 1824 5558 ei
1846 5519 1890 5576 up-

240 5595 295 5636 non
309 5579 446 5635 babetur
440 5595 467 5634 ιιι
482 5580 578 5636 Graeco
593 5581 751 5653 archetypo.
1088 5581 1256 5663 pertonans
1241 5581 1331 5651 fuerit.

276 5649 292 5689 b
311 5649 340 5707 ln
356 5649 477 5706 Palatino
491 5666 554 5714 ms„
566 5650 619 5707 aliu
641 5668 775 5736 pauonum,
800 5653 854 5708 ulio
873 5669 934 5708 curo
960 5655 1034 5708 nolu·
1124 5649 1288 5709 ‘tenuitur'
1281 5670 1307 5706 m
1323 5650 1445 5708 Palatino
1459 5663 1512 5705 urs.
1527 5603 1648 5715 introbit,
1663 5661 1725 5718 quar
1736 5645 1868 5718 quidem
1863 5661 1888 5700 ιο

242 5729 408 5790 emuncto,
422 5721 469 5777 sed
484 5730 511 5776 et
523 5721 635 5780 Graecus
650 5724 799 5782 linteatus
813 5725 910 5782 tarint.
1088 5724 1185 5784 Graeco
1200 5732 1275 5780 textu
1290 5723 1344 5781 duo
1360 5721 1440 5780 verba
1456 5735 1510 5778 ιιοιι
1525 5731 1598 5778 sunt.

278 5796 290 5825 ⁶
310 5765 477 5852 t’toucinntus
490 5792 587 5863 ιιιιιΙιο,
602 5803 682 5866 atque
695 5796 722 5852 id
735 5797 887 5866 pressius
864 5795 961 5856 Grueo
971 5813 1033 5855 uer-
