4017 6334
243 275 292 338 tsi
746 274 778 335 e.
797 271 992 334 eteueutnt
1009 271 1130 334 emtus
1148 261 1390 334 siueteueees.
1842 275 1889 334 tea

257 451 260 467 ,
279 395 395 472 inopen
407 394 536 454 Dominus
551 410 640 454 euntes
653 393 789 470 petitiones
806 403 866 451 taos
880 409 890 451 t
904 411 975 452 nane
992 413 1040 453 en·
1052 395 1083 456 A
1129 390 1245 466 impleti
1263 390 1395 450 Dominus
1420 405 1518 452 omues
1544 393 1692 466 petitiones
1717 401 1797 462 teas,
1824 407 1889 452 nene

245 493 466 568 querimoniam
479 489 582 548 saluam
594 489 657 560 ierit
669 485 798 544 Dominus
808 487 941 546 Ciristmn
953 505 1043 562 sunm.
1096 487 1223 558 cognovi,
1238 487 1367 559 quonism
1377 486 1485 544 snitum
1501 487 1585 546 leniet
1598 487 1664 563 [lis.
1680 486 1755 562 inuit]
1767 487 1889 544 Dominus

259 633 264 642 .
282 586 413 644 Exaudiet
427 585 504 642 illum
517 585 550 640 ale
564 583 628 640 tuln
641 590 730 640 sancto
743 597 791 638 sno
806 582 1045 656 :inpensioribus
1098 578 1238 640 Christum
1256 596 1338 638 snnm
1355 600 1363 638 ι
1378 591 1408 640 et
1426 583 1555 640 ersndiet
1570 583 1647 658 ilium
1662 582 1698 639 be
1712 582 1784 640 uteie
1802 589 1891 639 senne

245 667 318 736 solus
331 679 444 734 aexterae
456 681 526 753 ejus.
1097 689 1160 746 sue,
1176 676 1205 731 iu
1219 675 1404 748 potentatibus
1422 676 1496 733 sutus
1507 676 1633 734 bestern
1647 675 1718 748 eins.

282 769 319 826 iit
333 771 361 826 in
373 769 505 838 curribus,
521 778 547 827 et
559 767 587 824 bi
600 769 629 825 in
641 769 712 842 equis
727 776 890 826 :norontem
902 769 1047 830 turmatim
1135 768 1170 826 tii
1185 769 1213 824 in
1231 768 1369 836 curribus,
1390 777 1419 826 et
1439 768 1468 825 bi
1481 769 1509 826 in
1521 769 1600 841 equis
1615 785 1623 826 z
1636 783 1689 826 uns
1701 777 1794 826 sutem
1806 766 1836 823 in
1849 781 1893 824 ne

246 862 355 922 Domini
369 864 418 919 Dei
433 865 516 920 neutri
529 861 716 920 invocabimus.
1098 862 1173 920 ruine
1191 862 1301 922 bomini
1316 863 1364 919 bei
1381 863 1469 920 uestri
1483 861 1729 934 magnibenbimur.

234 969 236 976 ·
260 1013 266 1020 ,
285 954 343 1029 ipsi
368 955 475 1030 nitique
497 962 557 1012 sunt
582 963 607 1010 et
626 953 775 1012 renuerant
789 970 857 1012 :nas
880 964 967 1012 autem
988 971 1046 1013 rur-
1136 954 1192 1026 ipsi
1206 955 1319 1028 obligati
1332 963 1407 1026 suut,
1422 963 1452 1012 et
1472 955 1633 1013 emmaum
1648 973 1656 1011 ε
1672 969 1723 1014 nes
1746 963 1839 1012 nutem
1856 970 1896 1014 re·

246 1051 362 1108 reuimm
375 1049 484 1106 etereeti
493 1057 595 1106 smnus.
1100 1049 1282 1119 surreximus,
1297 1059 1326 1108 et
1336 1048 1424 1107 oresti
1438 1063 1543 1106 sumes.

280 1140 403 1212 Duorine,
432 1135 534 1198 iaionm
558 1141 602 1214 soe
614 1157 701 1213 reqam
717 1155 746 1198 ὴ
759 1149 786 1198 et
797 1157 829 1199 en
843 1141 855 1212 ζ
871 1141 936 1199 ooli
956 1158 1006 1199 uos
1019 1142 1048 1199 in
1136 1142 1263 1212 Domine,
1278 1141 1385 1199 sotrum
1410 1141 1452 1198 ise
1468 1155 1561 1214 reqem
1576 1159 1584 1196 ι
1599 1149 1628 1198 et
1637 1139 1735 1199 eusebi
1751 1153 1803 1198 nos
1817 1138 1845 1196 in
1856 1137 1897 1196 tiis

248 1236 292 1295 ilie
307 1253 359 1310 qua
370 1234 575 1294 invocaverimus
590 1247 621 1291 ψ
634 1242 658 1291 ts
673 1234 686 1307 ζ
1099 1251 1152 1306 qun
1165 1222 1238 1309 [ilus
1247 1237 1275 1292 iu
1286 1234 1351 1309 qus]
1368 1233 1589 1293 invocaverimus
1602 1243 1639 1292 te.

937 1326 1119 1394 mutibus
1138 1328 1216 1395 XX.

328 1485 331 1493 ,
450 1440 464 1470 ⁸
482 1447 510 1489 m
527 1447 610 1496 runnu
628 1445 745 1488 retusus
764 1445 855 1488 enirn.
899 1477 905 1484 .
1183 1449 1317 1503 innuen,
1339 1449 1457 1492 rsunses
1469 1433 1558 1491 bitin
1571 1431 1637 1508 [ils.
1651 1447 1702 1491 urst
1713 1431 1819 1506 useel.

285 1523 408 1594 Domine,
420 1525 448 1580 iu
458 1527 553 1582 uirtute
568 1535 614 1581 tuo
627 1524 758 1581 laetabitur
770 1540 817 1581 reo
830 1531 874 1582 :et
887 1539 966 1598 snper
979 1524 1052 1582 unia·
1138 1525 1265 1596 lietuino,
1272 1528 1298 1584 in
1307 1527 1407 1584 uirtute
1417 1538 1461 1584 ten
1473 1526 1607 1583 inuehitur
1616 1539 1666 1584 rex
1678 1540 1686 1581 t
1697 1532 1727 1583 et
1739 1537 1824 1598 super
1833 1524 1901 1582 mlu-

251 1632 307 1679 tnre
321 1633 395 1694 taum
403 1621 544 1678 emuitabit
553 1621 726 1678 sebemeuter.
1103 1629 1161 1678 ture
1172 1629 1246 1677 tunm
1261 1621 1409 1678 exsultabit
1423 1620 1608 1678 uehementer.

288 1713 454 1770 Desideriam
466 1715 552 1773 eureis
565 1718 623 1790 ejus
636 1715 750 1772 tribuisti
763 1716 787 1770 ei
801 1731 809 1770 r
824 1725 848 1771 et
862 1715 994 1772 uoluntate
1007 1713 1050 1770 lu·
1139 1713 1308 1770 Desideriurn
1321 1713 1420 1770 enimse
1430 1711 1513 1784 eiius*¹
1530 1711 1649 1769 tribuisti
1662 1709 1689 1767 ei
1703 1727 1710 1765 ε
1724 1719 1752 1768 et
1765 1709 1902 1768 uoluntate
1977 1678 1979 1771 i

250 1805 353 1862 bionum
362 1809 422 1880 ejas
435 1823 489 1862 nen
502 1808 632 1878 fraudasti
646 1823 715 1864 eum.
733 1808 897 1864 brunsteni.
1103 1803 1237 1862 lubiorum
1252 1806 1312 1876 ejus
1324 1821 1379 1861 nun
1394 1804 1526 1862 frondosii
1540 1819 1614 1862 eunt.
1635 1803 1807 1861 bremetum.
1978 1780 1980 1859 i

290 1899 421 1966 Quoniam
435 1901 581 1970 prouenisti
594 1917 653 1957 enm
676 1900 934 1958 inieueeicttooibas
965 1896 1094 1960 dolce-B
1141 1897 1274 1965 Quoniam
1290 1898 1444 1968 prevenisti
1465 1911 1529 1954 eum
1549 1897 1578 1953 in
1598 1895 1836 1954 benedictionibus
1849 1894 1904 1951 bni-
1980 1884 1981 1951 i

256 1993 326 2048 linio
340 2008 350 2048 .·
365 1993 476 2065 posuisti
495 1993 618 2067 incapite
637 1996 694 2068 ejas
709 2009 832 2050 corenam
846 1993 878 2050 ale
895 1994 984 2066 lapide
994 2008 1055 2065 qro-
1105 1990 1211 2048 reninis
1233 2009 1241 2047 r
1267 1989 1381 2064 posuisti
1399 1991 1526 2064 incapite
1540 1990 1600 2063 ejus
1619 2003 1750 2048 oeruusuu
1768 1987 1805 2048 be
1819 1988 1905 2060 inqibe
1981 1988 1982 2043 i

253 2084 331 2141 tieso.
1105 2085 1239 2157 pretiose.
1982 2090 1983 2129 l

298 2177 385 2234 Vitam
393 2179 467 2253 petiit
481 2195 497 2234 o
511 2187 535 2234 te
548 2177 564 2220 l>
579 2194 610 2236 ψ
625 2189 649 2235 et
666 2179 678 2250 ζ
696 2180 809 2236 tribuisti
826 2180 850 2236 ei
867 2179 1055 2254 lorrqbutlinem
1144 2181 1246 2238 iiitnru⁰
1257 2182 1335 2253 petiit
1345 2195 1359 2236 n
1371 2189 1398 2240 te
1409 2199 1417 2238 ε
1429 2179 1579 2239 tribuistiei
1587 2177 1782 2254 longitudinem
1790 2177 1905 2249 uterum,
1983 2192 1984 2223 t

253 2271 367 2342 alierum,
380 2273 410 2328 in
423 2271 550 2328 seculum
564 2272 630 2328 elin
643 2271 768 2328 monium
784 2271 946 2341 ÷enesti1
1106 2274 1135 2332 in
1149 2275 1277 2331 sonnium
1294 2274 1398 2332 emenii.
1523 2283 1528 2288 “
1984 2296 1985 2301 ’

291 2365 391 2438 itaquo
401 2377 437 2422 est
452 2367 604 2440 qlorioeius
615 2366 642 2421 in
653 2364 765 2422 solutori
781 2375 825 2421 tau
837 2381 846 2421 .·
856 2365 968 2439 qleriam
982 2373 1006 2421 et
1022 2378 1054 2422 ψ
1142 2369 1235 2442 blegne
1254 2377 1296 2426 est
1307 2369 1394 2442 gioria
1410 2370 1469 2442 ejus
1488 2369 1518 2427 in
1537 2369 1648 2426 solutari
1670 2375 1718 2426 tun
1732 2384 1740 2422 t
1754 2366 1869 2442 glorium
1882 2374 1908 2424 et

255 2475 381 2533 muqnam
396 2459 409 2527 ζ
426 2459 545 2518 decorem
557 2459 675 2531 impones
684 2476 762 2532 super
772 2477 840 2516 eam.
1106 2478 1234 2536 magnum
1247 2463 1374 2521 decorem
1387 2465 1511 2536 impones
1524 2477 1607 2536 snper
1619 2477 1693 2520 eum.

298 2553 430 2622 Quoniam
445 2552 519 2609 aubis
533 2569 592 2608 eam
606 2555 634 2608 in
647 2551 867 2623 benedictionem,
882 2553 911 2608 in
932 2552 1058 2610 seculum
1143 2555 1275 2623 Qnenism
1292 2555 1390 2612 bebis‘
1411 2571 1473 2612 enm
1487 2555 1515 2611 in
1528 2553 1766 2623 benedictionem,
1782 2553 1810 2609 in
1826 2568 1909 2610 sunu·

256 2660 288 2704 ἡ
304 2643 394 2701 umenti
409 2642 421 2713 ζ
437 2641 584 2716 laetificabis
597 2661 656 2700 eam
667 2647 695 2700 in
710 2645 807 2717 quaetio
817 2661 877 2700 eum
885 2645 961 2701 eobo
974 2655 1030 2701 tuo.
1107 2650 1164 2706 inm
1178 2649 1269 2706 seculi
1285 2666 1293 2704 ε
1307 2648 1458 2707 tntiiimbis
1470 2665 1532 2706 enm
1546 2649 1574 2706 iu
1585 2648 1683 2722 quadie
1692 2663 1754 2706 euru
1767 2648 1844 2706 vultu
1854 2657 1908 2706 tue.

295 2737 427 2806 Quoniam
438 2752 485 2792 ree
495 2746 583 2809 sperat
597 2737 625 2792 in
635 2736 750 2794 Dourion
763 2753 773 2794 :
788 2745 813 2792 et
831 2737 859 2793 in
878 2737 1059 2793 misericornia
1144 2741 1276 2811 Qneuiem
1289 2756 1339 2798 rex
1351 2745 1471 2813 sperauit
1485 2741 1638 2800 imitamine
1653 2757 1661 2798 s
1676 2748 1705 2798 et
1718 2740 1910 2798 inmiseriour·

257 2829 381 2886 altissimi
394 2846 446 2886 non
460 2829 670 2887 commonebitur.
1109 2834 1152 2893 din
1168 2835 1291 2892 altissimi
1305 2851 1360 2893 neu
1374 2837 1603 2895 commonebitur.

293 2922 446 2979 inueniatur
455 2940 547 2979 monus
558 2933 603 2979 tau
613 2923 731 2978 ornrribar
741 2909 857 2978 inimicis
869 2923 920 2979 inis
932 2939 942 2980 :
952 2928 1060 2981 temno
1144 2929 1297 2988 irrueniatur
1311 2929 1376 3004 [ils.
1387 2930 1550 3003 inuenietur]
1560 2946 1656 2988 suanus
1664 2939 1707 2986 tus
1719 2929 1852 2987 omnibus
1862 2929 1912 2986 iui-
1990 2938 1991 2941 ’

261 3027 306 3075 too
320 3019 433 3075 iuveniat
451 3033 482 3075 ÷
497 3033 586 3074 onon
601 3019 626 3084 ⁶,
636 3016 708 3088 oni:
726 3025 750 3070 te
762 3016 881 3072 eaerum.
1110 3023 1189 3082 micis
1203 3026 1256 3082 tuis
1267 3041 1275 3080 ι
1286 3024 1432 3084 otbertum
1448 3034 1493 3082 tou
1508 3025 1730 3083 imminuamus
1744 3023 1792 3097 qui
1804 3033 1833 3080 to
1845 3021 1910 3081 obe-

1111 3128 1188 3178 seut.

298 3193 386 3250 Penes
399 3210 455 3264 eos,
466 3202 494 3249 ut
507 3191 727 3268 clibanumque,
739 3193 891 3267 intempore
904 3192 989 3251 uultur
1000 3196 1062 3254 toi.-
1147 3214 1234 3273 pqneg
1248 3229 1313 3281 θοι,
1331 3223 1361 3271 nt
1378 3213 1443 3288 [lis.
1455 3213 1493 3288 in]
1514 3213 1650 3271 clibanum
1662 3213 1733 3285 ignis
1744 3211 1774 3268 in
1788 3219 1915 3284 tempere

261 3287 391 3344 Dominus
409 3287 437 3342 iu
453 3287 495 3342 ira
506 3303 555 3343 suu
568 3285 729 3343 conturbabit
748 3302 806 3358 ees,
825 3296 850 3343 et
867 3285 999 3344 devorabit
1016 3287 1096 3353 eesG
1111 3309 1201 3365 vulqus
1214 3308 1253 3365 quq
1269 3327 1277 3365 :
1292 3309 1461 3366 nomqnmq„
1475 3310 1514 3365 q„
1526 3325 1575 3367 m
1587 3307 1760 3366 mmmmm
1772 3304 1841 3381 [m.
1853 3321 1917 3362 00...

261 3379 343 3454 iqnis.
1113 3400 1241 3475 turbauit]
1254 3416 1313 3470 ees,
1329 3411 1357 3459 et
1369 3401 1509 3459 deuerubit
1521 3401 1587 3477 [ils.
1603 3398 1754 3472 normanie
1768 3413 1817 3456 ens
1835 3399 1917 3471 ignis.

303 3473 431 3530 b'rartnm
444 3489 533 3530 eorum
541 3471 578 3528 ule
593 3481 660 3530 terta
670 3472 763 3547 perdes
778 3489 788 3530 .·
807 3482 831 3532 et
845 3490 930 3530 semen
942 3491 1062 3531 eernmu
1146 3495 1274 3552 {umqum
1289 3509 1383 3551 comm
1396 3494 1431 3552 qq
1446 3504 1520 3553 [qm
1533 3493 1630 3569 perdes
1643 3510 1652 3550 t
1667 3501 1697 3551 οι
1710 3507 1805 3551 semen
1816 3505 1915 3549 eornm

264 3570 327 3640 filiis
340 3569 484 3626 bertuinum.
1119 3602 1135 3645 a
1151 3587 1214 3644 qqqqg
1226 3586 1381 3644 hominum,

301 3665 432 3732 Quoniam
453 3661 648 3718 declinaberunt
669 3663 696 3718 in
715 3670 741 3719 te
760 3661 832 3718 uiola
853 3679 864 3720 .·
888 3665 1063 3738 cnqitaeertett
1148 3681 1282 3752 Quoniam
1304 3680 1512 3738 declinamur
1533 3679 1560 3738 in
1584 3688 1611 3738 re
1623 3677 1694 3737 meta
1710 3696 1718 3733 r
1732 3677 1924 3751 cogitaverunt

262 3757 382 3825 cottila,
396 3771 454 3829 que
467 3772 520 3811 '¹⁰¹¹
534 3763 673 3829 immiti
685 3770 716 3811 ÷
729 3756 845 3812 ”iiiiii
861 3755 873 3826 ἶ
1115 3777 1269 3843 consilinm,
1282 3775 1353 3848 quob
1366 3789 1421 3830 nun
1434 3783 1582 3846 potueruut
1595 3773 1727 3830 stabilire.

303 3851 434 3918 Quoniam
446 3865 527 3921 pones
541 3865 583 3904 ⁶⁰⁸
592 3849 698 3904 ‘iiiiii‘
709 3866 719 3904 ·'
730 3849 757 3904 ὓ*
770 3848 886 3922 r“iiiiii'‘
899 3851 950 3907 tuis
962 3867 1065 3926 prapa-
1150 3868 1285 3937 Queninm
1295 3876 1400 3938 penest
1410 3881 1458 3923 eos
1469 3866 1581 3923 (tersum
1598 3867 1646 3923 :iu
1655 3863 1776 3938 reliquiis
1786 3862 1842 3921 tuis
1853 3879 1924 3938 prn-

263 3945 557 4001 rolt'tbttilttttiltit'im·
1118 3959 1451 4035 qururouulinrniilernm

299 4037 436 4110 beatiore,
462 4036 584 4110 Dourion,
604 4040 632 4096 in
651 4039 746 4100 uirtute
766 4047 814 4096 tao
836 4056 845 4096 .·
865 4043 1027 4100 cantabimus
1039 4053 1065 4101 et
1151 4054 1299 4118 Exeruere,
1318 4053 1449 4121 bomine,
1464 4054 1491 4112 in
1503 4055 1603 4111 uirtute
1618 4059 1664 4109 tun
1677 4066 1686 4106 ε
1700 4047 1875 4108 enntubinrns
1892 4052 1921 4102 et

267 4130 409 4207 litium
424 4131 531 4189 '’iiiii“
545 4137 633 4206 “labi
1116 4148 1263 4222 psallemus
1275 4146 1392 4205 uirtutes
1405 4157 1475 4204 tuas.

944 4265 1126 4337 PSALMUS
1146 4269 1238 4334 XXI.

316 4374 344 4415 nt
364 4373 462 4430 reuss,
477 4373 528 4418 uuo
541 4373 724 4420 resumimus
737 4379 893 4438 assurum,
908 4381 1028 4429 usiones
1151 4388 1179 4430 nu
1202 4385 1285 4428 riusa
1307 4383 1358 4425 ene
1382 4381 1562 4425 imeneorum
1606 4366 1658 4423 iis.
1680 4365 1885 4439 susurrones]

621 4446 713 4491 astru.
1206 4457 1355 4510 strumus,
1366 4455 1484 4498 essuos
1498 4456 1580 4497 usuro
1601 4439 1653 4495 ils.
1665 4453 1716 4494 tesi
1729 4435 1830 4510 ostrei.

301 4545 382 4614 beor,
398 4544 570 4616 benenom,
586 4563 613 4604 -t-
634 4550 775 4623 respirem
790 4552 856 4622 me:
871 4569 1004 4624 quaterue
1020 4555 1066 4614 be·
1155 4558 1244 4624 bens,
1261 4557 1333 4612 tiens
1351 4569 1445 4622 meus,
1463 4555 1571 4627 respice
1591 4553 1619 4611 iu
1637 4551 1702 4629 [bis.
1721 4561 1793 4609 meet
1810 4551 1850 4626 in]
1868 4567 1927 4620 me,

265 4639 414 4712 reliquisti?
430 4636 537 4713 leuqea
555 4637 641 4697 tulate
654 4659 711 4699 meo
730 4643 807 4700 uerba
822 4645 978 4704 delictorum
997 4665 1067 4706 mee·
1117 4663 1260 4722 quarente
1272 4645 1462 4719 dereliquisti?
1475 4646 1556 4720 leuge
1570 4645 1684 4704 unione
1697 4643 1865 4714 memteubtt
1879 4644 1930 4702 de·

265 4749 336 4789 mbi-
1120 4742 1248 4800 timerem
1260 4753 1395 4798 nieorum.

300 4825 371 4883 Deos
384 4842 465 4895 meus,
482 4827 751 4903 cinnamomino,
766 4842 790 4890 at
806 4852 859 4893 iton
875 4837 999 4894 enunties
1015 4852 1026 4895 .·
1040 4846 1065 4895 et
1153 4837 1225 4893 Deus
1236 4848 1326 4901 meus,
1338 4827 1482 4888 cinnami
1494 4843 1545 4901 qer
1556 4827 1640 4896 bium,
1658 4843 1710 4886 nee
1723 4827 1855 4886 exsultes
1873 4843 1881 4882 :
1898 4827 1928 4883 in

264 4937 349 4999 neem,
360 4937 387 4984 et
398 4944 451 4984 non
462 4926 496 4982 aa
508 4926 687 4999 insipientiam
698 4928 773 4986 mibi.
1075 4895 1105 4960 D
1116 4939 1206 5002 nnete,
1223 4936 1251 4988 et
1266 4943 1320 4985 uon
1333 4927 1368 4984 ab
1379 4925 1564 4999 insipientiam
1578 4922 1664 4982 mibi:

298 5138 409 5195 steron
421 5139 450 5194 iu
468 5139 545 5198 inem
559 5135 713 5194 iuPuiutiu.
728 5151 779 5192 ms.
791 5137 845 5193 nub
858 5146 931 5193 snut.
943 5137 1062 5194 Moxea-
1113 5143 1213 5192 entem
1230 5127 1574 5212 queseqnunturemniu.
1608 5200 1615 5212 ·
1691 5199 1697 5211 Ι
1747 5197 1753 5210 .
1846 5197 1852 5207 ⁶

259 5210 349 5266 uitauit
360 5225 408 5280 que
421 5210 567 5278 emnuabit,
582 5210 690 5283 sequior
699 5223 795 5266 metius
806 5208 1063 5282 repetentiumque
1152 5215 1165 5246 ⁶
1182 5207 1265 5263 iidem
1281 5205 1344 5260 iibri
1355 5205 1427 5278 petiit
1446 5211 1471 5258 et
1485 5201 1578 5256 belini
1593 5197 1811 5284 erUlonqrtunfmem
1824 5195 1935 5251 armum

263 5281 418 5352 Diaetalma
432 5282 657 5352 pretermittitur.
1113 5281 1140 5336 in
1152 5287 1276 5335 ueternum
1295 5287 1320 5333 et
1340 5277 1368 5331 in
1388 5274 1512 5331 torulum
1534 5270 1621 5329 saeuit
1635 5287 1642 5326 ε
1658 5281 1715 5326 tum
1733 5286 1759 5325 rn
1775 5269 1858 5324 soluite
1881 5277 1933 5324 tun

296 5351 629 5426 iiiintleerutqaetune
645 5349 760 5415 Pnintiu.
781 5351 1061 5409 eed.lidemebetnm
1118 5349 1308 5423 prurolntnri,
1324 5358 1378 5404 ete.
1523 5415 1530 5427 .
1747 5411 1753 5425 ι
1791 5411 1798 5423 ⁹
1896 5410 1903 5421 ⁸

259 5421 461 5496 embrirnnsm
472 5426 586 5494 ruente,
600 5442 661 5496 qnae
672 5427 699 5480 iu
711 5422 793 5480 liebr.
810 5439 917 5496 quinque
930 5432 1005 5480 terte
1022 5435 1063 5478 tn·
1154 5421 1294 5476 ‘Rursum
1309 5435 1342 5476 ex
1357 5417 1507 5488 briqurstinn
1524 5413 1595 5472 rbem
1612 5427 1677 5478 ms„
1693 5409 1936 5496 sulmoniensem·

258 5507 313 5552 eet.
334 5492 418 5550 Penio
429 5494 510 5550 etium
524 5505 586 5566 pust
598 5498 633 5552 nd
648 5496 762 5553 uerbum
775 5497 909 5565 importes,
928 5495 1063 5567 eraepesi·
1116 5501 1230 5562 tionem,
1244 5501 1271 5548 et
1285 5507 1345 5545 uum
1355 5490 1453 5563 quodie
1469 5502 1519 5560 pre
1531 5488 1574 5556 in,
1593 5494 1647 5544 ete.
1666 5486 1822 5556 :demque,
1837 5490 1936 5553 speret

256 5567 362 5624 tionem
375 5566 402 5620 in
414 5565 449 5620 de
463 5579 539 5622 urere
553 5565 624 5624 idem
639 5585 690 5625 ms.
707 5583 774 5624 veru
786 5568 903 5639 jugulet.
1119 5568 1147 5620 in
1163 5565 1315 5620 boninum.
1910 5625 1919 5636 ⁰

297 5635 410 5692 icarus
429 5645 457 5692 et
483 5636 597 5694 buison.
616 5653 670 5694 rus.
690 5637 781 5694 ssnni'm
796 5646 897 5710 putrem
917 5637 963 5711 qai
989 5636 1062 5694 reis·
1155 5647 1168 5684 s
1187 5635 1270 5692 Tneet
1289 5633 1360 5689 idem
1374 5645 1426 5685 ms.
1443 5640 1595 5700 protremen
1608 5642 1665 5697 eos,
1689 5636 1747 5684 tutu
1762 5624 1934 5698 qrnqorobrs

260 5709 318 5766 ¹5⁹⁰
332 5714 502 5777 ilfaeil⁰¹¹¹¹¹¹i
1115 5709 1183 5778 leqit
1195 5721 1243 5775 ere
1259 5713 1421 5777 preparare.
1632 5769 1638 5780 Ι

294 5777 309 5818 <¹
326 5777 490 5836 Veronensis
503 5779 669 5847 urus.,leoliuti
680 5782 714 5846 oi,
723 5791 747 5834 ot
756 5782 913 5836 uoluntatem
923 5781 1056 5836 labiorum
1150 5779 1260 5835 '‘Adtiii
1275 5793 1307 5831 nu
1325 5774 1475 5856 ,turgetine
1490 5770 1655 5852 Veronensis
1675 5783 1732 5827 mse
1750 5767 1866 5826 vernias
1887 5768 1929 5822 aa

258 5851 327 5932 qui·
337 5863 389 5910 uon
404 5851 562 5924 nonnulii,
582 5867 617 5910 ex
631 5853 773 5926 begunim
789 5854 979 5926 intueremur
993 5861 1058 5910 suun
1111 5862 1137 5908 te
1152 5859 1236 5910 :uum
1250 5858 1275 5906 et
1289 5852 1361 5905 nocte
1375 5845 1424 5918 uie
1436 5861 1464 5899 or
1476 5854 1551 5901 siecle
1565 5841 1640 5914 leque.
