4017 6334
94 365 140 424 tos
684 370 785 430 steten
804 372 827 429 ll
846 369 1136 432 utentsmonntt.

1684 372 1737 432 bbb

94 494 170 556 erunt,
184 487 397 560 restitueremur,
414 488 528 544 Hontirto
540 505 597 544 cunr
609 492 681 546 ottrtri
696 491 885 561 tranquillitate
900 495 923 550 Α
938 490 1087 548 ditaturus.
1108 491 1169 547 Nou
1188 490 1290 548 modica
1305 499 1364 546 vere
1378 507 1424 565 per
1446 493 1591 547 uuiversum
1607 490 1736 546 civitatem

97 559 204 628 propitio
215 561 287 630 lacto
297 562 364 617 illis.

125 627 242 704 itemque
256 631 531 705 obbosouqurenaeo
546 635 608 705 quirr
629 651 660 689 ue
682 633 754 690 libris
769 649 887 706 corupre·

93 702 165 756 bersa
174 705 332 760 tentavimus
345 720 393 760 nos
407 721 459 760 uno
469 705 601 760 volumine
642 707 735 762 etiare.

124 773 324 832 considerantes
345 777 414 832 enim
432 778 624 833 multitudinem
645 779 771 832 librorum
784 785 808 832 et
822 777 889 849 diffi-

94 845 209 902 cultatem
234 846 380 903 volentibus
404 850 510 921 oqqredi
537 851 700 905 narrationes
721 851 889 904 historiarum

94 925 191 989 propter
205 919 400 975 multitudinem
414 937 512 987 rerunt,
790 972 794 981 .

124 987 280 1046 duravimus
290 992 432 1046 colentibus
459 994 562 1062 qarten
578 993 670 1066 leqere,
686 1003 715 1049 ut
728 1003 793 1049 esset
807 993 889 1047 astitui

94 1058 247 1118 nlursno:
266 1063 390 1119 studiosis
412 1079 484 1130 vero,
512 1065 617 1136 {acilius
639 1067 739 1133 possint
757 1065 889 1120 memoriae

94 1134 272 1277 qosnrnendare
286 1151 295 1188 .·
310 1135 428 1190 omnibus
446 1145 534 1191 autem
555 1136 699 1210 leqerrtibrrs
713 1138 812 1193 utilitas
827 1152 888 1192 cort·

103 1213 197 1260 matur.

123 1273 157 1330 lit
172 1275 247 1334 nobis
262 1278 367 1350 quidem
380 1277 454 1347 ipsis,
469 1282 514 1352 qui
528 1282 576 1335 broc
590 1297 656 1352 opus
664 1281 796 1338 breviandi
808 1296 888 1334 causo

93 1350 259 1418 suscepimus,
273 1367 326 1404 non
337 1351 440 1419 docilem
454 1352 579 1415 laborent,
590 1355 670 1408 irrtmo
683 1369 743 1408 vero
758 1354 887 1424 treqotiurtr

93 1419 193 1491 plenum
208 1422 369 1492 viqiliarunt,
382 1433 407 1477 et
421 1424 524 1478 sudoris
539 1427 738 1496 assumpsimus.

123 1490 199 1546 Sicut
209 1493 249 1559 tsi,
263 1493 309 1564 qui
320 1505 468 1566 praeparant
479 1497 634 1563 convitium,
649 1507 674 1552 ct
684 1506 805 1570 quterunt
819 1496 888 1551 alio·

92 1577 144 1617 runt
159 1562 293 1618 voluntati
307 1582 399 1634 parere
424 1576 529 1636 propter
547 1566 689 1622 multorum
710 1571 833 1641 qratiam,
853 1569 888 1623 li·

93 1633 174 1689 berter
187 1635 303 1691 laborem
313 1637 480 1694 sustinemus.

129 1705 268 1763 Veritatem
276 1707 418 1777 quitertiae
427 1711 537 1782 sirtqrrlis
546 1713 696 1767 attero-itus
707 1713 885 1782 concedentes,

91 1776 136 1903 iper:
158 1787 250 1834 restem
278 1781 420 1835 secuudum
441 1781 530 1837 darunt
558 1785 670 1852 formam
693 1784 810 1840 brevitati
832 1793 887 1840 sttr-

136 1858 183 1906 lec.

123 1920 198 1976 Sicut
213 1923 283 1978 enirn
297 1940 370 1980 uerte
380 1924 473 1980 dautur
485 1928 624 1984 areltitecto
640 1929 673 1984 de
685 1929 802 1983 trnitersa
815 1938 886 1985 stru·

92 2001 159 2046 ctura
172 1997 322 2050 curandum
343 2006 381 2051 est
393 2013 403 2051 .·
415 1999 519 2062 einero,
542 2001 587 2068 qui
603 2002 712 2072 pitrqere
729 2010 812 2067 curat,
829 2017 887 2070 quoe

92 2073 147 2132 apte
161 2068 273 2121 suntad
286 2078 417 2138 ornatum,
431 2071 588 2140 requirenda
603 2081 661 2126 srtnt
678 2088 688 2126 .·
706 2073 744 2128 ita
757 2075 887 2130 astirnan-

92 2135 147 2189 dunt
159 2147 199 2192 est
212 2147 238 2194 et
247 2141 275 2194 in
288 2140 372 2195 nobis.

122 2205 226 2265 Etenim
237 2211 399 2268 intellectum
417 2214 549 2288 colliqerc,
564 2221 588 2270 et
603 2216 725 2272 orrlinurs
734 2232 886 2283 sermonem,

92 2281 250 2363 etruriosius
269 2294 356 2355 partes
371 2285 489 2358 sinqulos
501 2303 619 2362 quasque
636 2288 790 2362 disquirere,
806 2290 887 2346 bristo·

92 2357 385 2426 neronqruttaneton'.

123 2420 279 2482 Brevitatetn
302 2445 361 2483 vero
381 2428 504 2485 dictionis
528 2433 639 2500 secturi,
664 2444 688 2488 ct
713 2433 889 2490 exsecutiones

92 2507 171 2549 struve
186 2499 279 2564 vitare,
295 2501 419 2556 breriaati
429 2501 622 2558 concedendum
642 2514 690 2561 est.

125 2565 197 2621 ilino
212 2587 276 2644 erqo
289 2575 465 2630 narrationem
478 2576 653 2644 incipientur:
676 2579 707 2631 de
731 2575 889 2647 Proelatioae

94 2646 190 2692 tanturn
203 2640 303 2698 dixisse
312 2645 422 2714 sufficiat
433 2662 442 2700 :
452 2648 560 2701 stultum
577 2649 670 2703 etenim
683 2660 720 2703 est
734 2659 794 2704 ante
807 2647 889 2704 lrt‘sto·

93 2710 155 2765 riorn
168 2714 291 2787 effluere,
302 2716 330 2771 in
343 2721 400 2787 ipso
413 2727 499 2772 autem
513 2719 622 2775 bistoria
635 2721 761 2794 surcinqi.

396 2831 509 2889 CAPUT
536 2831 583 2888 ΙΙΙ.

124 2921 210 2992 lqitur
220 2941 279 2980 cunt
293 2936 383 2981 sancta
406 2929 494 2984 civitas
508 2927 669 2983 habitaretur
692 2929 719 2984 r'n
731 2930 800 2984 omni
815 2947 888 3000 poce,

93 2994 153 3066 leqes
166 2997 249 3052 etiam
263 2998 349 3052 adbuc
364 3001 459 3066 optime
482 2999 679 3065 custodirentur,
696 3009 800 3074 propter
814 3000 890 3058 Orrioe

91 3068 217 3138 pontilicis
229 3070 365 3142 pietatem,
379 3083 403 3126 et
417 3073 517 3126 urrimos
529 3071 589 3125 odio
604 3072 724 3127 babentes
737 3072 816 3137 mala,

123 3137 228 3206 Flebat,
246 3149 274 3193 ut
294 3143 382 3210 stipsi
396 3159 477 3212 reqes,
493 3154 517 3198 et
532 3144 661 3213 principer
691 3145 775 3198 locum
789 3161 890 3202 summo

939 573 994 618 erat
1014 563 1164 633 trepidatio.

977 637 1129 692 Sacerdotes
1152 643 1237 690 autem
1250 643 1312 689 onte
1331 635 1413 692 altore
1426 651 1484 690 crrm
1502 631 1576 689 stolis
1591 632 1739 688 meerdota·

938 705 1005 761 libus
1015 709 1176 778 jactaverunt
1191 723 1228 772 se,
1246 715 1269 762 et
1282 706 1435 762 imorabarrt
1447 707 1479 761 de
1490 705 1554 760 roelo
1569 720 1636 768 cunr,
1652 705 1740 774 quide

939 778 1063 846 depositis
1078 779 1157 852 ltqem
1171 779 1268 850 posuit,
1280 786 1307 834 ut
1322 779 1371 847 bris,
1387 779 1433 850 qui
1443 780 1615 850 deposuerant
1627 792 1668 843 ea,
1684 776 1739 832 sol·

937 865 969 904 va
983 851 1134 905 custodiret.

972 920 1103 977 bntrtoero
1115 923 1161 994 qui
1171 921 1271 979 rirlebnl
1284 922 1378 978 srttntni
1391 920 1533 977 sacerdotis
1543 919 1641 975 vultum
1654 929 1738 975 utente

938 992 1136 1049 vulnerabatur:
1148 995 1317 1065 sederenius,
1332 1003 1356 1048 et
1367 994 1438 1049 color
1452 994 1606 1047 instituturus
1620 991 1738 1048 tectore-

939 1063 981 1118 bat
995 1067 1124 1122 internum
1146 1069 1225 1122 auirni
1240 1064 1378 1120 dolorem:

974 1133 1138 1205 Circumfert
1150 1141 1216 1193 euim
1226 1145 1281 1193 erat
1291 1135 1411 1191 trrrestitia
1422 1135 1541 1208 qrtredrrm
1552 1135 1619 1200 viro,
1635 1143 1660 1190 et
1671 1134 1737 1189 bor-

938 1211 1122 1281 toreumatis,
1158 1227 1186 1264 er
1203 1223 1279 1280 quem
1292 1208 1445 1280 ntanilestrss
1465 1205 1651 1279 aspicientibus
1663 1206 1740 1262 dolor

939 1279 1027 1334 cordis
1042 1283 1097 1349 ejus
1108 1227 1271 1352 ejpziebatnr.

974 1351 1027 1405 Alii
1041 1355 1119 1406 etiam
1130 1353 1254 1424 qreqotim
1266 1351 1298 1406 de
1312 1350 1429 1406 domibus
1443 1349 1617 1422 confluebant,
1635 1348 1738 1417 publica

938 1423 1127 1494 supplicatione
1141 1423 1315 1490 obsecrantes,
1332 1438 1380 1495 pro
1391 1437 1420 1478 eo
1433 1423 1503 1496 quod
1523 1423 1551 1478 iu
1565 1429 1738 1493 contemptum

938 1491 1015 1548 loeus
1025 1506 1090 1550 esset
1104 1505 1237 1552 tenturus.

974 1564 1152 1637 detinetotque
1171 1568 1291 1622 mulieres
1318 1565 1409 1620 ciliciis
1435 1571 1540 1638 peetus,
1569 1582 1614 1634 per
1638 1564 1739 1637 plateas

938 1637 1118 1709 cottqlrrebont:
1132 1637 1177 1694 sed
1189 1651 1211 1693 et
1222 1638 1342 1712 oirqines,
1359 1653 1418 1710 quse
1428 1637 1554 1692 conclusae
1567 1645 1650 1702 erant,
1675 1654 1737 1707 pro·

939 1709 1076 1764 currebant
1089 1710 1123 1765 ad
1141 1708 1235 1765 Ouium
1246 1727 1256 1765 .·
1269 1710 1328 1763 alite
1346 1720 1434 1764 cratem
1451 1709 1485 1764 orl
1499 1723 1605 1764 usuros:
1619 1707 1738 1778 qruedout

939 1795 999 1835 vero
1012 1796 1058 1850 per
1071 1784 1196 1854 fenestras
1210 1779 1378 1852 aspiciebant.

977 1850 1108 1908 Universa
1121 1861 1206 1908 nutem
1221 1852 1403 1926 protendentes
1421 1867 1512 1907 ntantrs
1526 1851 1553 1906 irs
1569 1850 1677 1920 eoelum,
1694 1850 1740 1906 de·

938 1925 1121 1996 precabantur.

975 1995 1042 2052 Erat
1056 1997 1125 2052 enirn
1139 1999 1234 2052 misero
1246 1996 1386 2052 coturnistoe
1403 1995 1592 2063 multitudiuis,
1612 2001 1636 2050 rt
1652 1995 1739 2066 maqni

938 2067 1081 2124 sacerdotis
1094 2069 1122 2123 t'n
1137 2084 1219 2140 oqoue
1233 2069 1365 2123 constituti
1380 2067 1546 2136 exspectatio.

975 2137 1011 2192 ΕΙ
1028 2141 1056 2194 bri
1075 2141 1177 2206 quidem
1197 2140 1350 2194 invocabant
1370 2140 1569 2211 omnipotentens
1591 2135 1692 2202 Deum,
1710 2144 1739 2192 stt

938 2210 1038 2266 credite
1052 2213 1100 2268 sibi
1114 2213 1164 2282 bris,
1180 2213 1225 2284 qai
1238 2211 1412 2277 crediderant,
1428 2225 1488 2265 eunt
1502 2210 1572 2265 omni
1591 2208 1742 2283 inteqritotc

940 2293 1163 2338 conservarentur.

975 2353 1136 2410 Heliodorus
1161 2365 1269 2422 autent,
1302 2352 1373 2419 qnod
1401 2352 1567 2420 decreverat,
1590 2351 1739 2424 perficiebat

939 2425 1030 2480 eodem
1050 2427 1106 2482 loco
1128 2428 1182 2498 ipse
1197 2443 1254 2481 crrrn
1276 2426 1429 2481 satellitibus
1448 2425 1649 2481 eireoaerrtriurrr
1672 2441 1740 2498 prte-

940 2513 1011 2552 seres.

975 2568 1030 2625 Sed
1043 2570 1148 2644 spiritus
1164 2570 1345 2639 otrruipotentis
1360 2569 1407 2625 Hei
1421 2585 1544 2644 maqnam
1556 2567 1617 2640 [ecit
1629 2583 1685 2622 sure
1696 2584 1738 2623 os·

940 2642 1064 2697 tensionis
1086 2642 1255 2707 evidentiam,
1271 2643 1474 2706 innatantem,
1499 2641 1545 2713 qul
1564 2641 1622 2694 ausi
1637 2642 1742 2712 [uetant

941 2728 1031 2781 parere
1045 2715 1079 2780 ei,
1095 2713 1254 2768 ruentesitei
1268 2715 1370 2776 virtute,
1385 2713 1411 2768 r‘tt
1425 2713 1632 2779 dissolutionem,
1646 2721 1669 2766 et
1684 2715 1740 2785 sor·

940 2783 1065 2840 midinem
1079 2793 1293 2840 conresteretttut.

975 2857 1105 2929 Apparuit
1118 2857 1185 2911 onitu
1199 2857 1253 2911 illis
1273 2856 1380 2929 quidam
1395 2872 1475 2928 epirus
1489 2853 1628 2911 terribilem
1644 2851 1740 2910 liabens

940 2943 1083 2992 sessorem,
1107 2929 1211 2993 optimis
1226 2929 1389 3000 operimentis
1412 2926 1577 2983 adornatus:
1593 2927 1666 2991 isque
1680 2941 1740 2980 cant

941 3001 1038 3071 impetu
1059 2999 1203 3056 Heliodoro
1224 2999 1322 3068 priores
1348 2997 1430 3054 calces
1445 3000 1534 3054 elisit:
1558 2999 1600 3072 qui
1616 2996 1742 3052 orrternei

941 3071 1057 3138 sedebat,
1068 3071 1202 3126 videbatur
1213 3087 1287 3126 arma
1301 3070 1394 3127 babere
1404 3087 1495 3125 aurea.

977 3144 1031 3198 Alii
1054 3144 1132 3199 etiont
1144 3151 1322 3216 apparuerunt
1342 3144 1393 3196 rluo
1413 3144 1520 3210 juvenes
1539 3141 1630 3195 rirtute
1643 3140 1739 3206 decori,

91 3208 182 3265 bonore
192 3212 304 3283 diqumu
320 3213 453 3280 ducerent,
466 3225 491 3270 et
505 3214 628 3288 templum
642 3216 763 3270 macintis
776 3219 890 3272 intumi·
943 3215 1033 3288 optiuri
1044 3215 1144 3290 pluria,
1158 3215 1314 3284 speciosique
1333 3217 1429 3268 amictu
1440 3229 1449 3268 :
1462 3215 1506 3284 qui
1518 3213 1739 3268 circumsteterunt

91 3281 134 3336 bus
146 3282 316 3338 illustrarent
330 3301 341 3340 .·

123 3351 164 3408 lta
178 3366 212 3408 ut·
226 3355 353 3412 Seleucus
376 3357 445 3414 titire
461 3374 508 3413 rex
530 3359 562 3414 de
587 3357 732 3414 redditibus
746 3361 800 3414 suis
823 3376 889 3425 prte-

902 3279 925 3345 C
940 3302 1016 3351 euru,
1030 3296 1053 3341 et
1067 3303 1099 3341 etc
1117 3297 1226 3370 utreque
1241 3295 1313 3358 parte
1332 3285 1517 3359 perpetiamur,
1539 3286 1594 3340 siue
1607 3283 1739 3340 intermit-

941 3358 1015 3412 sione
1027 3358 1114 3413 multis
1128 3361 1212 3428 pleqrs
1231 3358 1401 3414 verberantes.

91 3432 163 3480 staret
185 3443 277 3483 annues
305 3439 422 3500 sumptus
447 3433 482 3484 ad
508 3431 679 3486 ministerium
702 3432 891 3500 sacrificiorum
978 3429 1071 3484 Subito
1089 3438 1175 3484 autem
1195 3427 1353 3485 Heliodorus
1367 3428 1478 3484 concidit
1496 3429 1524 3484 its
1544 3436 1648 3488 terram.
1669 3443 1742 3481 eum·

91 3499 257 3564 pertinentes.

941 3516 991 3570 que
1010 3502 1093 3556 multu
1107 3498 1218 3571 coliqitre
1231 3500 1417 3570 circumfusam
1437 3508 1600 3573 rapuerunt,
1624 3508 1699 3571 atque
1713 3499 1741 3553 in

123 3568 216 3625 Sitnou
229 3582 318 3626 autent
334 3573 449 3628 detribu
466 3573 606 3649 Bettjonrin
630 3575 784 3646 prepositus
801 3576 891 3646 templi
942 3570 1008 3656 sellq
1023 3573 1163 3644 qestotorio
1180 3575 1291 3642 positam
1306 3576 1448 3645 ejecerunt.

91 3643 256 3706 constitutus,
284 3645 466 3708 contendebat,
493 3646 630 3702 obsistente
650 3646 699 3700 sibi
714 3646 831 3719 principe
844 3663 891 3702 sa-

90 3714 230 3780 cerdotum,
245 3715 363 3786 iniquum
372 3717 472 3788 aliquid
485 3717 513 3772 iu
525 3720 628 3772 civitate
637 3719 733 3772 moliri.

123 3783 175 3839 Sed
189 3803 252 3840 cunr
263 3787 363 3843 vincere
374 3788 468 3844 liniam
479 3804 531 3843 non
544 3798 638 3862 posset,
649 3789 716 3844 renit
730 3787 768 3842 ad
780 3789 889 3858 Apollo·

90 3855 156 3909 nr'srn
170 3855 306 3913 Tbarsrete
320 3860 417 3930 filium,
440 3863 485 3932 qui
498 3877 528 3916 eo
541 3873 655 3933 ternpore
676 3871 731 3916 erat
742 3860 797 3918 aas
810 3859 891 3916 Caele-

91 3929 172 3996 mie,
188 3937 215 3982 et
231 3928 366 3986 Pltoerticis
382 3947 391 3987 .·

122 3997 304 4056 Etruntiarit
327 4003 362 4065 ei,
389 4004 505 4127 pecuniis
530 4002 762 4059 innumerabilibus
785 4001 892 4073 plenum
979 4000 1017 4055 Hi
1036 4011 1122 4055 orttetn
1147 3999 1288 4055 Dominum

399 4078 477 4147 pinis,
491 4085 515 4131 et
526 4091 674 4131 communes
683 4077 770 4141 copias
783 4078 892 4130 immen-

90 4157 130 4196 sos
140 4159 207 4209 esse,
218 4161 279 4214 qure
292 4161 344 4201 nort
359 4149 487 4214 pertinent
499 4148 673 4202 adsertionem
686 4147 892 4216 sacrificiorum:

90 4085 140 4125 esse
150 4074 279 4128 serarium
292 4072 386 4130 deroso

91 4228 140 4268 csse
153 4225 242 4271 autem
255 4218 379 4286 possibile
388 4220 435 4274 sub
447 4229 573 4292 potestate
582 4220 652 4289 reqis
661 4220 755 4272 cadere
763 4218 890 4274 universa.

122 4285 242 4359 Cumque
255 4289 385 4344 retulisset
394 4291 429 4344 od
442 4307 526 4365 rcqem
542 4290 706 4356 Apollonius,
722 4291 754 4343 de
765 4291 890 4361 pecuniis,

90 4362 257 4425 qvoedelrrtre
271 4370 355 4426 erant,
370 4361 417 4416 ille
438 4363 549 4418 accitum
565 4360 748 4426 Heliodorum,
775 4363 891 4431 quierat
943 4361 1077 4434 coelestim
1102 4359 1215 4425 Ouium,
1244 4371 1271 4412 nt
1299 4359 1427 4413 invocaret
1450 4359 1630 4424 ditissimum,
1654 4366 1682 4410 ut
1701 4358 1742 4410 oi-

90 4444 163 4501 ssper
174 4432 364 4504 nepotianus,
380 4434 675 4498 utisitcvnsmandrrtis,
700 4435 892 4503 ertproediataut
942 4441 996 4486 tarn
1021 4431 1128 4487 donaret
1156 4433 1202 4499 ei,
1228 4430 1272 4502 qui
1294 4431 1323 4485 itt
1345 4445 1466 4502 strpreruo
1488 4431 1582 4504 spiriru
1601 4437 1656 4484 erat
1680 4444 1743 4484 con-

91 4505 229 4570 peeunianv
243 4511 443 4572 transportaret.

122 4572 275 4647 Statimque
286 4574 446 4633 Heliodorus
460 4577 509 4633 iter
521 4585 560 4634 est
571 4593 719 4650 aqqressut,
738 4576 822 4642 specie
833 4577 893 4648 qui-

89 4642 145 4700 dem
158 4649 238 4716 quasi
250 4663 297 4719 per
311 4644 488 4719 Coelespriant,
509 4660 534 4706 et
550 4649 688 4705 l’boenicen
702 4648 816 4704 civitates
829 4657 892 4704 esset
905 4679 931 4743 D
1586 4715 1591 4725 ,
1610 4714 1615 4724 Ι
1691 4715 1697 4724 ⁸

91 4728 282 4791 pmaqraturus
304 4734 315 4776 .·
341 4735 430 4777 revera
453 4731 539 4778 autern
553 4723 621 4794 repis
633 4721 794 4794 propositum
807 4725 891 4792 perse·
943 4719 1038 4774 dorum
1055 4725 1278 4784 consummatam,
1294 4714 1386 4771 obtulit
1409 4731 1455 4788 pro
1468 4714 1551 4771 seluta
1568 4729 1616 4770 vrrs
1629 4713 1741 4768 bostram

92 4799 189 4846 clusus.

980 3643 1013 3697 bt
1024 3645 1057 3712 is,
1072 3645 1116 3715 qui
1130 3661 1186 3698 curn
1199 3645 1286 3698 rnrtlris
1298 3643 1457 3707 trucioribus,
1469 3652 1493 3696 et
1505 3641 1659 3697 satellitibus
1671 3656 1740 3713 prte-

942 3714 1041 3770 tlicrum
1060 3716 1192 3785 inpressis
1212 3724 1249 3768 est
1266 3716 1403 3772 ararium.
1420 3713 1584 3785 portabatur,
1604 3711 1678 3767 nullo
1692 3713 1742 3779 sibi

941 3787 1072 3840 ancilium
1082 3787 1189 3857 ferente,
1206 3785 1342 3854 nrotrilesta
1357 3784 1404 3839 Det'
1417 3787 1521 3856 coquito
1535 3787 1650 3840 virtute:

980 3857 1013 3913 Ht
1032 3857 1077 3912 ille
1089 3856 1191 3926 quidem
1205 3875 1249 3930 per
1265 3859 1380 3928 divinum
1397 3857 1514 3911 virtutem
1524 3856 1629 3931 jacebat
1641 3863 1743 3926 mutus,

942 3938 1018 3996 atque
1033 3931 1102 3984 omni
1113 3946 1158 3999 spe
1173 3943 1196 3982 et
1211 3929 1292 3982 solerte
1303 3930 1438 4054 prloqtusq
1550 3999 1556 4012 ι
1668 3998 1674 4010 ·

1360 4031 1418 4049 ,·
1665 4013 1741 4050 rc-

943 4072 985 4127 bat
999 4073 1084 4128 locutu
1098 4089 1173 4127 suurn
1185 4089 1194 4126 .·
1208 4082 1230 4127 et
1243 4015 1365 4141 rernpdt'dt
1375 4010 1573 4144 ,wrcqtd'dt’pddl'd
1580 3997 1742 4124 dddemdidrdde

942 4161 973 4198 ac
985 4143 1096 4199 tuntultu
1107 4155 1161 4199 erat
1175 4143 1293 4218 plenum,
1305 4155 1444 4216 apparente
1457 4145 1633 4216 ortrnr'pottnte
1649 4139 1740 4196 Douri-

943 4234 988 4276 no.
998 4217 1096 4286 qarrdt'o
1110 4225 1133 4270 el
1149 4216 1240 4271 ltt¹lbtt¹a
1253 4213 1388 4283 impletum
1399 4225 1445 4273 est.

978 4287 1053 4343 Tunc
1076 4305 1134 4344 tere
1160 4305 1191 4342 es
1212 4286 1303 4340 runicis
1328 4285 1466 4341 Heliodori
1484 4285 1591 4357 qtridatn
1616 4283 1742 4355 roqobnnt

943 4513 1152 4631 strqpqqqidmm
1166 4583 1252 4628 autem
1272 4589 1388 4628 summus
1403 4573 1544 4638 sacerdos,
1561 4588 1592 4627 ar
1610 4575 1675 4638 torte
1695 4587 1742 4628 reu

943 4647 1121 4718 suspicaretur
1135 4647 1262 4702 malitium
1279 4644 1436 4712 aliquantes
1450 4644 1551 4699 iudeis
1566 4644 1632 4697 circs
1649 4641 1741 4696 Helio·

942 4791 1093 4848 salutarent.

125 4861 182 4918 Sed
196 4878 259 4917 curn
270 4864 379 4918 vertisset
393 4862 593 4939 luorolqmam,
605 4875 629 4920 et
643 4865 778 4939 beniqrreo
791 4881 891 4922 surtrmo
978 4861 1094 4932 Cumque
1112 4875 1227 4915 sumatur
1251 4858 1371 4914 sacerdos
1390 4868 1520 4920 certaret.
1539 4857 1616 4913 iidem
1638 4858 1743 4925 inertes

90 4935 237 5000 sacerdote,
252 4935 281 4989 in
297 4935 400 4991 civitate
420 4949 483 4992 esset
498 4948 630 5007 exceptus,
652 4940 765 4992 removit
779 4937 810 4991 de
829 4937 891 4992 dato
943 4935 1039 4990 eisdem
1054 4934 1163 4989 vestibus
1177 4932 1279 4998 amicti,
1296 4939 1411 4986 ostentes
1427 4929 1583 4994 Heliodoro,
1599 4929 1740 4985 dicerunt:

89 5003 186 5062 indicio
202 5008 376 5078 pecuniarum
390 5022 400 5062 .·
414 5016 447 5070 et.
468 5012 544 5081 cajus
557 5011 596 5063 rei
611 5009 697 5080 pratia
708 5010 817 5074 adesset,
829 5024 893 5078 ape-

88 5079 140 5130 ruit
153 5095 164 5134 .·
179 5078 360 5152 interroqabat
372 5090 470 5146 autem,
485 5083 508 5136 si
522 5094 581 5136 rere
596 5081 651 5134 troc
664 5082 701 5134 ito
716 5089 809 5135 essent.

123 5147 200 5205 Tunc
217 5167 335 5206 summus
347 5151 468 5207 sacerdos
490 5152 602 5207 ostendit
614 5151 730 5222 deposita
751 5167 807 5207 esse
824 5150 891 5224 bere,

88 5228 113 5276 cl
125 5223 257 5277 victualia
269 5222 418 5286 matrum,
432 5233 456 5278 et
469 5223 640 5299 pupillarum.

946 5004 1019 5062 Onia
1032 5005 1159 5061 secerdoti
1172 5005 1269 5075 qratios
1281 5018 1328 5075 oqe
1337 5021 1346 5059 .·
1356 5019 1417 5058 aaut
1428 5012 1531 5076 propter
1545 5015 1604 5056 eum
1614 4998 1740 5057 dominus

943 5079 989 5133 tibi
1002 5079 1081 5134 vitant
1091 5077 1206 5132 donarit.

981 5149 1020 5204 Tu
1039 5160 1156 5205 autema
1182 5146 1236 5204 Deo
1256 5149 1418 5222 depellatur.
1445 5145 1537 5202 nuntia
1551 5141 1668 5198 omuibus
1685 5159 1741 5197 nta-

942 5221 1033 5295 qualia
1047 5222 1112 5289 Dei,
1128 5230 1152 5275 et
1169 5230 1330 5296 potestatem.
1346 5218 1380 5274 Et
1398 5218 1438 5273 ltis
1453 5218 1543 5290 dictis,
1562 5231 1615 5271 nort
1637 5231 1741 5288 compo·

125 5292 258 5361 Quaedam
271 5309 331 5348 vero
345 5310 400 5348 esse
413 5293 523 5350 Hircani
536 5295 624 5351 Tobiae
632 5294 681 5349 viri
690 5295 766 5349 valde
779 5295 890 5352 eminen-
941 5303 1061 5350 ruerrtnt.

89 5364 140 5432 tis,
156 5366 187 5421 in
202 5365 266 5430 itis,
281 5381 342 5436 quae
363 5366 489 5422 detttlerot
508 5367 602 5440 impius
630 5365 723 5422 Simon
739 5381 748 5420 .·
774 5369 893 5424 universa
980 5365 1141 5422 Heliodorus
1159 5375 1261 5429 autern,
1277 5363 1359 5418 brostin
1374 5359 1429 5416 Deo
1450 5361 1554 5430 oblata,
1570 5369 1594 5414 et
1607 5359 1673 5416 votis
1685 5375 1743 5414 nto·

88 5447 177 5492 sutem
198 5437 304 5510 arqemi
317 5437 415 5494 taleme
427 5441 698 5512 essequtrtrtnqrnrt,
719 5446 744 5494 et
763 5440 822 5494 auri
840 5439 892 5495 du·

89 5521 225 5653 mH‘dcipi
241 5595 301 5636 vero
316 5596 375 5649 ess,
392 5583 438 5651 qvi
453 5582 621 5639 credidissent
635 5584 711 5654 loeo,
735 5592 760 5638 et
778 5583 887 5656 templo,

944 5439 1002 5509 qnis
1017 5438 1149 5507 prontissis
1161 5439 1193 5502 ei,
1208 5439 1252 5508 qui
1267 5432 1398 5490 vivereilli
1412 5433 1545 5502 concessit,
1561 5441 1583 5488 et
1598 5431 1672 5487 Ouiae
1682 5447 1744 5504 qra-

944 5511 994 5564 tios
1008 5527 1096 5582 aqrm,
1112 5519 1212 5575 recepto
1225 5509 1347 5566 semetra,
1359 5503 1496 5576 repedabat
1507 5505 1542 5560 ad
1556 5519 1650 5578 reqcm.

978 5579 1133 5638 Testabatur·
1150 5589 1234 5635 autent
1254 5577 1370 5633 omnibus
1392 5591 1422 5630 ea
1442 5593 1500 5650 quae
1521 5576 1568 5632 snb
1591 5575 1673 5632 oculis
1687 5575 1743 5632 suis

88 5652 157 5723 quod
179 5668 232 5725 per
245 5653 394 5709 uuiversum
407 5654 534 5710 mundum
550 5655 704 5722 tonsoratur,
724 5672 773 5728 pro
787 5657 827 5711 sui
846 5671 890 5711 oe·
940 5652 1041 5708 viderat
1056 5667 1134 5725 opera
1145 5653 1233 5724 ntaqui
1251 5650 1308 5706 Hei.

87 5726 240 5790 necatione,
249 5733 274 5778 et
284 5726 420 5782 sanctitate
432 5729 537 5782 omuino
549 5727 706 5801 impossibile
715 5744 780 5784 esse.

121 5798 156 5851 m
177 5795 231 5852 ttte
240 5813 286 5867 pro
300 5797 352 5861 leis,
367 5815 424 5870 qure
437 5798 545 5854 ltabebat
557 5800 585 5854 in
596 5800 725 5855 mandatis
735 5818 752 5855 o
763 5815 832 5872 reqe,
847 5798 890 5855 di·

88 5869 159 5923 eebst
174 5869 252 5923 omni
264 5883 357 5939 qenere
367 5872 422 5942 reqi
435 5886 466 5925 ert
478 5886 533 5928 esse
546 5872 694 5941 deferenda.

121 5939 278 5998 Constituto
292 5947 379 5997 autent
393 5941 436 6000 die
448 5942 562 6001 intrabat
575 5945 607 6000 de
619 5944 660 6024 bis
671 5942 830 6000 Heliodorus
843 5957 889 5996 or-

978 5722 1042 5778 bium
1053 5731 1140 5778 autern
1151 5739 1198 5778 res
1211 5724 1391 5795 interroqasset
1405 5721 1586 5788 Heliodorum,
1601 5719 1660 5794 quis
1678 5725 1742 5774 esset

942 5805 1020 5868 optus
1034 5795 1120 5850 adbuc
1132 5793 1209 5850 semel
1222 5794 1413 5866 ierosolymam
1428 5795 1506 5860 mitti,
1524 5795 1580 5849 ait:

980 5867 1011 5923 St'
1023 5884 1099 5941 queat
1116 5865 1195 5924 bobes
1207 5867 1324 5934 bostem,
1343 5877 1388 5923 out
1401 5868 1473 5940 requi
1494 5868 1531 5922 tui
1550 5861 1740 5928 insidiatorem,

942 5939 1016 5995 mitte
1036 5941 1117 6009 illue,
1140 5949 1164 5995 et
1190 5939 1351 6014 {lnqellatuur
1377 5955 1435 5994 eum
1460 5939 1582 6010 recipies,
1607 5935 1630 5991 si
1654 5942 1740 5988 tamen
