4017 6334
259 339 312 399 ιιι
622 403 626 410 ,
766 332 798 396 t.
815 319 1009 404 mactato
1026 327 1144 400 aiunt
1163 331 1400 400 anticamera.
1847 333 1892 400 nt

263 450 491 526 pientiaeverhia,
506 451 554 510 scd
567 452 594 509 in
609 451 735 510 doctrina
757 453 895 526 Spiritus,
915 450 1064 524 spirituali·
1078 453 1102 514 Α
1117 463 1164 509 aut
1178 454 1212 509 ah
1235 453 1411 512 hunianodie
1429 470 1435 510 :
1463 452 1512 511 sed
1540 465 1628 526 neque
1651 447 1782 524 meipsum
1800 453 1892 526 juilliaco.

262 548 314 604 hus
323 549 478 618 spiritualia
490 555 694 620 comparantes.
719 549 852 608 daimatis
868 558 960 607 autem
980 545 1064 606 horno
1115 547 1186 606 Nihil
1200 551 1272 607 enim
1288 548 1563 609 mihiconsciuttum
1581 547 1649 606 :scd
1666 555 1718 606 non
1730 549 1756 604 in
1767 549 1816 605 hoc
1825 549 1895 621 justi-

261 656 315 698 non
329 643 446 713 percipit
458 656 489 699 ea
503 651 640 714 quaesunt
654 640 773 715 Spiritus
786 641 833 698 Dei
846 658 853 694 :
867 640 981 697 stultitia
988 639 1062 695 enim
1114 644 1209 700 licatns
1224 658 1305 698 sunt:
1326 644 1373 715 qui
1387 651 1479 699 autem
1496 642 1601 714 judicat
1620 657 1682 710 me,
1705 643 1829 698 Dominus
1847 653 1893 699 est.

263 748 305 793 cst
326 737 376 804 illi,
389 747 416 793 et
438 751 490 792 non
514 744 605 807 potest
617 736 769 808 intelligere
783 752 790 790 :
805 736 868 804 qnia
881 731 1063 805 spiritualiter
1114 737 1208 808 ltaque
1223 735 1307 794 nolite
1319 747 1384 792 ante
1397 744 1504 807 tempus
1516 735 1639 807 judicare
1652 776 1660 802 ‚
1674 733 1843 808 quoadusque
1856 751 1893 791 ac·

262 829 442 885 examinatur.
452 828 606 900 Spiritnalis
616 839 706 884 autem
714 826 1062 900 judicatomniatetipsca
1115 830 1171 884 niat
1184 828 1316 885 Dominus
1332 847 1339 883 a
1360 829 1407 899 qui
1426 837 1456 884 et
1469 827 1634 884 illuminabit
1658 825 1814 884 abscondita
1827 833 1895 884 tene·

263 921 525 992 nemincjndieatur.
538 919 933 991 unisoniarcognornreusnn
942 915 1062 994 murini,
1114 923 1234 993 hrarum,
1254 933 1281 979 et
1303 919 1488 983 nenilesrnllt
1510 919 1626 982 comedia
1644 918 1783 986 opidium,
1798 927 1825 974 et
1843 929 1898 976 tunc

262 1015 518 1086 quiinstrnatenm?
528 1013 584 1075 Not
592 1029 798 1078 auremsensunr
807 1011 908 1074 Christi
919 1011 1061 1071 hahemus.
1090 1023 1099 1034 ’
1116 1015 1175 1072 laut
1184 1015 1237 1072 orit
1254 1015 1401 1087 unicuique
1414 1032 1428 1071 a
1439 1016 1503 1072 Deo.
1519 1013 1582 1071 llaec
1594 1012 1810 1084 autemiratret,
1823 1023 1898 1070 trans·

298 1105 666 1182 [captltqttacqopnares
676 1123 728 1162 non
737 1105 896 1178 potuivobis
903 1105 976 1176 loqui
985 1103 1062 1176 quasi
1114 1111 1226 1182 figuravi
1253 1112 1280 1166 iu
1295 1127 1338 1167 ure
1352 1121 1380 1168 et
1392 1111 1501 1183 Apollo,
1517 1117 1628 1182 propter
1642 1123 1691 1166 uus
1707 1150 1715 1176 ‚
1729 1116 1760 1166 ut
1786 1109 1810 1166 iu
1830 1109 1898 1166 nohis

261 1201 513 1272 spiritualibussed
522 1200 598 1272 qnasi
608 1200 772 1258 carnalihus.
781 1200 929 1272 Tamquam
940 1195 1064 1268 partulit
1113 1206 1238 1275 uisuque,
1251 1221 1285 1262 uu
1298 1221 1379 1277 supra
1392 1221 1475 1278 quarn
1487 1205 1617 1277 scriptum
1632 1213 1686 1272 att,
1699 1217 1772 1260 unus
1783 1201 1899 1260 adversus

259 1281 418 1364 inchristu,
431 1295 471 1352 lac
483 1296 561 1352 uoltis
572 1305 664 1367 potum
676 1295 812 1364 dedi,non
823 1290 1061 1354 escamauttnduna
1114 1298 1230 1356 alterum
1246 1300 1355 1356 inllotur
1370 1315 1421 1372 pro
1442 1297 1507 1356 alio.
1523 1299 1591 1369 Quis
1612 1298 1685 1355 cuim
1714 1307 1742 1355 te
1766 1297 1899 1354 discernitl

261 1393 334 1448 earini
348 1392 483 1463 poteratis
500 1410 506 1448 :
524 1392 572 1448 sed
587 1407 637 1448 nec
650 1407 723 1448 nulle
738 1391 847 1462 quidem
860 1390 976 1461 pilleatis
990 1405 997 1443 ε
1015 1387 1062 1442 ad·
1113 1393 1183 1463 Quid
1194 1403 1284 1452 autern
1301 1393 1397 1464 hahes,
1409 1392 1483 1466 quod
1500 1409 1553 1450 nott
1569 1391 1717 1468 accepisti?
1727 1389 1758 1450 Si
1768 1401 1852 1450 autem
1864 1405 1901 1447 ac·

262 1485 316 1542 lunc
329 1485 404 1542 enim
415 1485 541 1542 carraales
554 1486 631 1542 estis.
648 1483 716 1543 Cnnr
727 1485 799 1542 enim
815 1486 851 1542 sit
862 1483 934 1540 inter
947 1496 997 1538 ros
1018 1495 1063 1538 ze·
1115 1487 1221 1560 cepisti,
1234 1485 1299 1562 quid
1314 1487 1445 1560 gloriaris
1456 1485 1535 1560 quasi
1555 1501 1608 1544 non
1622 1483 1779 1556 acceperis?
1798 1483 1853 1542 lan
1865 1498 1901 1542 ta·

260 1582 314 1648 lus,
330 1589 359 1638 et
370 1580 520 1647 cententio,
536 1578 628 1636 nonne
639 1581 763 1636 carnales
777 1579 856 1649 estis,
871 1587 900 1636 et
912 1575 1062 1634 meandum
1116 1583 1199 1640 aurati
1211 1583 1288 1652 estis,
1302 1581 1472 1654 iamdivites
1482 1579 1545 1638 laeti
1560 1579 1641 1636 estis:
1657 1579 1717 1638 sirie
1730 1576 1807 1634 nohis
1819 1590 1901 1647 repra

261 1674 400 1732 horninem
412 1673 577 1730 ambulatisl
589 1673 655 1730 Cum
669 1674 742 1731 enim
754 1674 815 1744 quis
827 1671 901 1728 dicat
914 1670 988 1744 :qu
1001 1668 1062 1742 qui·
1121 1675 1155 1732 tis
1172 1691 1179 1730 :
1194 1686 1219 1732 et
1235 1673 1339 1731 utinam
1351 1673 1474 1744 regnetis
1489 1671 1553 1746 [ils.
1574 1665 1749 1744 regnaretisl,
1771 1674 1800 1724 ut
1816 1675 1843 1724 ct
1861 1681 1903 1724 uos

258 1769 320 1826 ilcan
336 1784 397 1826 sum
410 1769 486 1826 Pauli
501 1789 506 1823 :
522 1769 591 1825 alius
606 1779 698 1826 autem
713 1788 720 1824 ε
743 1769 801 1842 Epo
820 1767 920 1840 Apollo
943 1785 950 1825 ε
972 1780 1063 1824 nonne
1116 1768 1258 1824 uobiscum
1271 1780 1427 1842 regnemus.
1446 1765 1514 1821 luto
1529 1765 1603 1824 enim
1618 1762 1691 1836 quod
1704 1761 1776 1820 Deus
1787 1776 1835 1822 nos
1847 1776 1904 1832 apo-

261 1864 482 1921 immiuusenlsi
495 1863 567 1932 Quid
593 1864 674 1936 igitur
701 1875 743 1920 est
770 1863 894 1934 Apollo?
909 1861 979 1934 quid,
995 1874 1062 1916 vero
1077 1853 1100 1913 Β
1115 1864 1201 1922 stolas
1216 1863 1380 1922 nouissimos
1390 1860 1521 1928 ostendit,
1535 1866 1674 1932 tamquam
1692 1857 1775 1916 morti
1795 1855 1903 1915 destim-

263 1958 386 2015 Darius?
400 1957 520 2014 llinistri
535 1957 605 2029 ejus,
624 1959 668 2014 cui
678 1955 852 2022 credidistis,
871 1962 899 2011 ct
914 1954 1063 2024 unicuique
1115 1971 1157 2018 tus
1174 1960 1257 2034 :qnia
1268 1959 1453 2033 spectaculum
1466 1957 1533 2017 iacti
1549 1971 1645 2016 sumus
1656 1954 1761 2016 mundo
1774 1995 1782 2024 ‚
1796 1963 1823 2012 et
1833 1969 1905 2026 anpe-

261 2051 333 2108 sicut
348 2051 477 2108 immitius
491 2051 577 2108 dedit.
594 2049 652 2122 Epo
666 2051 787 2122 plantavi
802 2093 811 2121 ,
825 2049 924 2124 dpollo
937 2047 1038 2118 rigavit
1055 2065 1061 2099 :
1115 2054 1159 2122 lis,
1174 2062 1201 2112 ct
1216 2053 1383 2113 hominihus.
1398 2051 1454 2110 Nus
1468 2053 1545 2112 stulti
1562 2061 1674 2127 promer
1688 2047 1840 2118 Christum,
1855 2062 1897 2106 rot

260 2144 308 2200 sed
324 2145 397 2201 Dens
408 2145 609 2201 incrementum
621 2143 705 2201 dedit.
719 2144 813 2213 lhqne
826 2156 914 2214 neque
925 2143 970 2216 qni
987 2142 1064 2212 plan·
1114 2157 1206 2205 autem
1219 2148 1366 2219 prudentes
1380 2148 1405 2204 in
1421 2145 1552 2206 Christo:
1571 2159 1622 2204 tros
1636 2144 1750 2211 instrati,
1765 2157 1814 2202 ros
1824 2151 1905 2199 autem

261 2223 310 2306 tat,
325 2247 367 2292 est
381 2237 493 2314 aliquid,
508 2251 595 2310 ncqae
608 2238 655 2309 qni
668 2237 760 2308 rlqat;
777 2237 836 2308 sed,
851 2237 896 2308 qui
910 2237 1064 2292 ineremen-

262 2336 318 2386 tnm
331 2328 389 2397 dot,
406 2329 489 2387 Deris.
500 2329 550 2398 uui
563 2337 655 2385 autent
666 2329 783 2400 plantat,
793 2338 820 2385 et
833 2329 879 2400 qni
891 2327 971 2400 ripat,
980 2341 1063 2381 aarum

261 2431 335 2478 stant.
349 2421 544 2496 Unusquisque
561 2433 653 2479 autem
665 2423 803 2493 propriam
819 2419 975 2477 niercedem
991 2418 1071 2474 acci-¹

262 2517 317 2588 pict
331 2515 482 2572 meandum
498 2530 577 2571 suurn
589 2514 722 2572 lahorem.
736 2515 784 2570 Dei
798 2515 871 2570 cuim
884 2529 976 2570 sarnus
986 2512 1064 2584 arlin-

260 2617 344 2678 tores,
363 2608 409 2664 Dei
423 2607 590 2680 agricultura
605 2607 682 2678 estis,
706 2608 752 2664 Dci
765 2607 909 2664 aedificatio
921 2605 998 2664 caris.
1015 2606 1065 2662 Se·

263 2705 380 2761 eandum
396 2704 512 2776 qratiam
525 2701 586 2771 Del,
602 2719 664 2775 quae
677 2703 740 2758 data
756 2712 797 2758 cst
812 2701 879 2758 milri
893 2743 900 2769 ,
913 2710 941 2758 ut
954 2700 1065 2772 sapiens

261 2798 428 2854 architectus
439 2794 646 2853 solidamentum
659 2797 824 2869 posuizalins
835 2805 925 2852 atatem
941 2809 1063 2866 superae-

257 2892 362 2949 dificat.
375 2891 571 2965 Unusquisque
584 2901 676 2948 autem
690 2891 783 2947 videat
792 2889 929 2962 quomodo
945 2905 1064 2961 superat·-

261 2984 362 3041 dilleet.
374 2982 594 3040 Fundamentum
609 2985 682 3040 enim
694 2983 770 3040 alind
782 2996 865 3040 nemo
876 2992 966 3054 potest
977 2996 1062 3054 pone-

259 3095 300 3150 re,
318 3092 418 3150 praeter
431 3081 457 3136 id
472 3079 545 3152 qnod
561 3082 677 3149 positum
691 3087 752 3147 est,
773 3078 844 3150 quod
867 3084 910 3136 est
931 3075 1057 3132 Christus

1114 2241 1201 2300 iortcs
1217 2258 1224 2296 :
1241 2257 1291 2298 ros
1302 2242 1419 2310 nobiles,
1437 2257 1486 2300 nus
1499 2248 1592 2300 autem
1610 2239 1756 2312 ignobiles.
1784 2237 1905 2310 Usqtteia

1115 2337 1187 2396 lianc
1197 2337 1292 2393 huram
1307 2345 1334 2393 et
1349 2336 1499 2404 esurimus,
1513 2335 1671 2404 ettitinaus,
1687 2343 1714 2392 et
1729 2333 1795 2392 nudi
1810 2345 1904 2398 smnus,

1114 2438 1143 2487 et
1153 2429 1275 2502 colaphis
1288 2429 1431 2500 caedimur,
1443 2437 1473 2488 et
1486 2428 1631 2486 instabiles
1644 2442 1756 2496 sumus,
1769 2435 1797 2484 et
1810 2425 1906 2484 lahora-

1115 2538 1175 2580 mns
1188 2534 1334 2594 operantes
1350 2520 1602 2582 ananihusnoatrist
1616 2519 1816 2587 maledicimur,
1828 2532 1854 2576 et
1865 2519 1908 2576 hc·

1115 2616 1267 2680 nedicimus
1283 2634 1290 2672 a
1306 2615 1524 2692 persecutionem
1539 2615 1668 2684 patimur,
1676 2624 1703 2672 et
1719 2613 1902 2672 sustinemus:

1115 2710 1351 2782 blasphemamur,
1370 2718 1399 2770 et
1418 2709 1597 2768 ohsecramne
1619 2723 1632 2766 a
1652 2717 1794 2780 tamquam
1816 2719 1905 2778 purqa·

1116 2811 1207 2860 menta
1219 2802 1297 2873 hirjats
1314 2802 1409 2861 rnnndi
1426 2801 1489 2860 iacti
1500 2815 1610 2872 samua,
1626 2800 1752 2860 omnium
1768 2800 1907 2872 peripsema

1115 2914 1203 2972 usque
1221 2897 1319 2956 adhuc.
1347 2896 1406 2960 Nou
1420 2908 1449 2954 ut
1463 2895 1634 2954 contentam
1653 2908 1714 2960 ros,
1735 2893 1796 2950 inec
1812 2891 1907 2957 scribo,

1115 2992 1163 3050 sed
1176 3000 1205 3051 ut
1218 2991 1287 3050 lilios
1299 3005 1375 3048 uineas
1387 2989 1565 3048 charissimos
1578 3001 1689 3046 moneo.
1700 2985 1770 3046 llam
1784 2984 1808 3048 ti
1821 2983 1907 3042 decem
1989 2999 1990 3002 ¹

1116 3084 1201 3146 millia
1223 3084 1432 3160 paedaqoqornrn
1446 3082 1571 3140 habeatis
1591 3082 1619 3140 'm
1633 3081 1770 3154 ctrrtsreq
1792 3079 1839 3138 ted
1861 3091 1908 3134 non

258 3175 348 3232 lesus.
365 3175 394 3232 si
407 3177 468 3248 quis
479 3186 571 3230 antem
587 3172 789 3246 superaedificat
804 3188 889 3246 snper
901 3171 1065 3228 luridamen·
1117 3181 1216 3241 multos
1229 3191 1331 3250 patres.
1345 3177 1413 3236 Nam
1429 3177 1458 3234 in
1468 3175 1579 3256 Christo
1591 3177 1656 3236 lesu
1669 3193 1719 3250 pet
1741 3175 1910 3246 Euangeliou

260 3284 318 3329 tum
330 3273 394 3342 hoc,
406 3289 516 3340 aurium,
530 3285 687 3344 arpentum,
703 3270 807 3341 lapides
818 3269 964 3342 pretiosos,
978 3267 1062 3340 liqna,
1078 3245 1102 3312 C
1116 3288 1168 3346 ego
1185 3289 1233 3332 uos
1248 3273 1339 3346 penui.
1353 3273 1431 3346 Rogo
1444 3289 1509 3346 ergo
1520 3272 1585 3346 [dit.
1598 3271 1757 3346 eniminum,
1768 3272 1910 3330 iatutatoret
1988 3333 1989 3338 η

261 3366 364 3427 lenum.
393 3363 533 3436 stipulam,
561 3363 776 3436 uniuscnjusque
800 3377 869 3436 opus
891 3361 1064 3419 manifestum
1118 3368 1172 3428 mei
1188 3375 1289 3437 estote,
1304 3377 1316 3406 ³
1330 3368 1402 3430 sient
1417 3377 1445 3426 et
1457 3383 1509 3444 eqo
1524 3366 1636 3436 Christi·
1662 3367 1727 3428 ideo
1749 3366 1857 3426 tramitti
1869 3377 1912 3422 tta

260 3457 314 3512 erit
327 3473 336 3510 a
349 3454 413 3512 Dies
427 3456 500 3511 enim
517 3455 624 3510 Domini
638 3453 805 3522 declarabit,
823 3457 883 3526 quia
898 3455 924 3509 in
942 3453 1005 3526 igne
1020 3470 1064 3511 re·
1118 3459 1301 3530 Timotheum,
1315 3463 1361 3534 qtti
1375 3459 1498 3522 estillins
1507 3476 1585 3522 meus
1592 3461 1785 3532 charrisshuus,
1795 3459 1912 3520 etidel'tt

262 3548 418 3604 relabitur:
440 3559 468 3603 et
494 3549 712 3620 uniuscujusque
736 3562 806 3620 opus
823 3549 903 3620 quale
925 3548 974 3615 sit,
996 3548 1067 3622 ignis
1118 3554 1144 3609 ln
1161 3555 1290 3622 Detnino,
1303 3555 1350 3626 qui
1365 3569 1414 3612 roa
1425 3554 1729 3615 commonefaciet-uias
1745 3571 1839 3624 meat,
1855 3567 1909 3626 qtae

262 3640 399 3712 prolrahit.
417 3639 445 3697 Si
459 3640 538 3712 cujus
554 3655 623 3712 opus
637 3641 768 3698 nranscrit
779 3641 851 3714 qnod
866 3641 1068 3713 superaedifica·
1118 3658 1183 3706 sunt
1195 3649 1221 3704 in
1237 3648 1346 3708 Christo
1360 3649 1436 3722 lesu,
1453 3652 1524 3710 sicut
1538 3652 1640 3724 ubique
1655 3653 1773 3712 inomni
1797 3651 1912 3710 Ecclesia
1987 3717 1988 3726 χ

264 3734 311 3802 uit,
327 3715 481 3789 nterdcdem
493 3733 631 3805 accipiet:
652 3733 683 3791 st
695 3733 773 3806 carlus
788 3749 856 3805 opus
877 3735 997 3806 arserit,
1018 3735 1067 3791 de·
1119 3744 1215 3804 doceo.
1232 3743 1384 3816 Tamquam
1398 3762 1453 3806 nott
1463 3757 1595 3806 teoturtta
1607 3750 1662 3808 sim
1675 3749 1709 3808 ad
1733 3763 1802 3817 tos,
1821 3749 1859 3804 ιιι
1876 3746 1913 3802 itt·

264 3828 423 3884 trimentnm
438 3827 556 3899 patietur
571 3846 578 3884 ε
595 3828 654 3900 ipsc
667 3836 757 3884 :iitietn
772 3829 862 3885 salvus
877 3829 929 3884 crit
947 3847 953 3881 :
974 3829 1013 3885 sie
1028 3839 1068 3883 ta·
1119 3836 1174 3893 llati
1186 3846 1251 3896 surrt
1261 3838 1385 3912 quidam.
1401 3839 1518 3898 Veniam
1534 3853 1627 3900 autem
1640 3839 1736 3898 adres
1751 3840 1820 3910 cito,
1831 3839 1855 3896 ai
1867 3837 1913 3896 Do-

228 3981 234 3993 ,
266 3937 328 3977 rnen
355 3921 434 3992 qnasi
455 3935 504 3990 per
527 3919 627 3992 ignem.
653 3921 769 3978 Nescitis
792 3924 855 3994 qnia
871 3923 1003 3994 templum
1020 3921 1068 3978 llei
1119 3931 1573 4006 minusvnlueritaetcopnoseam
1587 3949 1811 3993 musermonem
1823 3945 1913 3992 mum

266 4015 344 4082 estis,
360 4013 519 4084 etSpiritns
536 4015 582 4070 Dei
596 4013 737 4071 hahitatio
749 4015 888 4089 vohisisi
903 4017 1066 4088 qnisautenr
1118 4022 1165 4094 qui
1181 4021 1266 4080 inilati
1281 4034 1356 4094 sunt,
1369 4024 1418 4082 sed
1433 4027 1575 4082 uirtutem.
1589 4025 1913 4086 praematuruerunt
1986 4005 1987 4048 3

267 4108 398 4179 templum
415 4107 462 4162 Dei
474 4105 627 4174 violaverit,
648 4108 788 4179 disperdet
803 4109 880 4165 illum
892 4109 975 4166 Dens.
988 4111 1068 4167 Terta·
1119 4127 1162 4176 est
1172 4133 1286 4191 rognum
1297 4118 1359 4191 De‘t,
1373 4121 1422 4178 sed
1437 4122 1464 4178 ita
1475 4123 1588 4180 virtute.
1605 4119 1675 4192 Quat
1686 4121 1796 4182 vultis?
1813 4121 1915 4188 iurirpa

268 4199 342 4269 plum
353 4199 425 4254 enim
439 4197 488 4253 Dei
504 4206 633 4286 sanetum.
643 4207 704 4267 est,
726 4200 797 4271 quod
820 4202 888 4257 estis
902 4215 962 4257 uos.
982 4201 1068 4260 Nemo
1119 4213 1394 4281 aequantiumque
1410 4214 1437 4272 'uu
1452 4215 1595 4284 quatum,
1611 4223 1638 4272 ur
1653 4213 1918 4286 spirituumque·

268 4305 298 4345 se
312 4289 378 4364 [fla.
394 4287 457 4361 ros]
471 4287 604 4346 seducat:
619 4291 642 4346 si
662 4293 723 4362 quis
740 4291 850 4348 ridetur
866 4294 937 4349 inter
952 4309 1001 4349 ros
1015 4309 1068 4350 sa-
1120 4303 1216 4363 diuis?

269 4388 348 4456 piens
360 4399 424 4441 ease
436 4385 463 4439 in
480 4383 533 4440 lioc
547 4385 660 4453 seculo,
677 4385 775 4441 stultns
787 4387 844 4451 liat,
858 4387 1066 4458 utsitsapicns.
1157 4397 1228 4474 [cup.
1248 4399 1422 4474 vpomnrnu
1443 4402 1550 4460 puppup„
1571 4402 1917 4468 qqqfflmqopfflqqu

268 4475 408 4549 Sapientia
421 4477 493 4532 enim
507 4475 586 4547 liuius
597 4476 700 4545 mundi,
709 4477 825 4533 stultitia
837 4487 880 4534 est
891 4478 962 4550 apud
973 4479 1066 4535 Deum.
1121 4491 1182 4548 [2115
1194 4491 1349 4564 pompeam,
1359 4496 1450 4568 quaqp
1460 4513 1510 4556 ω
1521 4497 1594 4558 qm
1603 4508 1713 4570 gem
1721 4497 1759 4558 p„
1771 4504 1916 4556 uum

268 4573 406 4644 Scriptum
422 4582 464 4626 est
486 4571 557 4626 enim
582 4587 590 4625 :
615 4567 851 4643 comprehendam
876 4573 1015 4644 sapientes
1039 4573 1067 4630 in
1122 4586 1261 4654 patrissui
1276 4588 1497 4660 aliquishalteal·
1515 4591 1549 4650 Et
1562 4605 1615 4648 toa
1627 4589 1817 4650 inmodestia:
1831 4599 1916 4648 illidii

268 4668 366 4726 astutia
377 4682 482 4724 eorum.
496 4667 528 4723 Et
540 4669 654 4725 iterum:
668 4668 797 4724 Dominm
808 4669 1068 4742 noritcoqitationes
1082 4643 1109 4705 D
1123 4679 1208 4752 maqis
1222 4679 1323 4739 luctum
1336 4681 1523 4750 habuistis‚ot
1533 4681 1688 4741 trieteride
1700 4681 1795 4743 medio
1804 4688 1918 4738 rostram

269 4760 446 4831 sapientium,
461 4759 590 4829 quonlam
605 4775 682 4816 uariae
698 4769 770 4815 serrat.
791 4759 878 4817 Nemo
897 4762 990 4832 itaque
1009 4763 1067 4836 glo·
1122 4771 1167 4848 qui
1184 4773 1234 4830 tuuc
1248 4789 1317 4846 ψῃ
1330 4774 1404 4834 quelq,
1419 4775 1474 4850 ppo
1485 4776 1595 4852 qumi„
1607 4777 1843 4846 mmmmm
1854 4786 1916 4845 μη.
1984 4747 1985 4813 J

268 4853 355 4908 rictur
365 4851 392 4907 in
407 4848 574 4907 hominihus.
589 4849 686 4908 Omnia
701 4852 774 4908 enim
797 4865 887 4910 vestra
912 4863 994 4922 suot,
1011 4855 1069 4914 sire
1123 4877 1186 4918 sens
1196 4866 1469 4938 auterrtspiritu,iaim
1477 4866 1611 4938 indicaui,
1621 4877 1792 4940 etpraeasoat
1805 4859 1918 4932 οιιιιιινιί

270 4943 383 5011 Paulus,
395 4943 455 5000 sive
467 4942 578 5015 Apollo,
594 4945 651 5000 siue
661 4943 780 5016 Cephas,
793 4945 994 5013 sisemundus,
1011 4945 1070 5004 sive
1123 4955 1162 5010 sic
1174 4967 1300 5028 operatus
1315 4969 1358 5016 cst
1373 4977 1379 5012 :
1395 4960 1542 5018 inuentae
1555 4960 1662 5018 Dormini
1672 4959 1762 5018 naslei
1771 4955 1919 5020 bochri·

269 5036 409 5117 vite‚sire
425 5051 509 5104 mors,
524 5036 584 5093 sive
598 5037 757 5108 prasentia,
772 5037 830 5094 sire
845 5037 935 5094 lutura
952 5054 959 5093 τ
976 5043 1067 5096 omnia
1123 5050 1168 5118 sti,
1183 5053 1353 5124 coarqrepatis
1368 5053 1676 5126 vohhetmeospiriae.
1687 5069 1752 5112 eam
1762 5051 1919 5113 ahtoteDo·
1983 5117 1984 5140 ,

269 5131 342 5188 caim
356 5138 448 5188 restra
461 5138 525 5188 sunt
539 5147 546 5187 :
558 5145 609 5188 uos
632 5140 725 5190 antem
742 5130 843 5187 christi
860 5148 867 5187 a
882 5129 1007 5190 Christus
1021 5150 1068 5192 au·
1122 5139 1187 5198 mini
1202 5144 1286 5202 nostri
1302 5145 1381 5214 iesu,
1395 5146 1504 5207 tradere
1518 5147 1675 5218 huiusmodi
1685 5149 1801 5208 Qum
1811 5150 1840 5204 in
1851 5145 1916 5203 hite-

270 5232 325 5281 tem
339 5223 399 5280 Dei.
1123 5233 1207 5292 ritum
1222 5239 1323 5307 earnis,
1342 5248 1371 5296 ut
1385 5241 1502 5310 spiritns
1512 5241 1653 5300 saltussit
1661 5245 1690 5300 iu
1702 5243 1749 5300 dio
1758 5241 1864 5298 Domini
1873 5252 1918 5296 oo·

306 5319 383 5393 [Cup.
395 5319 453 5394 lt]
469 5319 516 5378 Sic
527 5334 586 5390 ,nos
601 5317 740 5377 existimet
762 5319 862 5388 homo,
887 5331 917 5377 ot
929 5321 1072 5380 ministros
1122 5327 1172 5384 stri
1194 5326 1260 5387 lesu
1270 5329 1383 5392 Christi.
1399 5333 1457 5392 Non
1473 5344 1518 5392 est
1528 5337 1597 5393 hotta
1612 5337 1744 5410 plorial'to
1754 5345 1854 5396 scm
1869 5330 1919 5390 ΝΘ·

270 5410 424 5480 carisiaci
438 5413 642 5486 dispensatores
658 5411 850 5486 aristodemum
871 5404 930 5470 nct.
952 5415 1070 5487 iliciana
1121 5423 1197 5482 sciris
1220 5425 1282 5496 quia
1298 5426 1434 5484 iraeneum
1451 5428 1614 5487 termentum
1632 5440 1714 5488 ratem
1728 5445 1846 5488 nassau
1860 5441 1916 5484 cor·
1982 5459 1983 5468 a

268 5505 402 5579 quaeritur
415 5507 716 5580 interdispeuseteres.
732 5506 933 5579 ntidelisqnis
948 5509 1071 5568 inueuia·
1121 5518 1241 5590 rumpet
1259 5521 1417 5597 liupergam
1436 5537 1514 5583 reru
1536 5528 1711 5594 termene-0,
1726 5533 1760 5583 ut
1778 5525 1839 5582 titia
1852 5532 1915 5580 nora

272 5609 326 5656 tur.
341 5599 511 5659 dlihiautem
525 5614 575 5672 pro
589 5603 772 5670 munimime,
789 5603 1070 5701 utatoltiajttdirer,
1122 5615 1299 5682 conspersio,
1319 5615 1389 5673 sient
1411 5619 1479 5675 ceris
1501 5621 1599 5694 azymi.
1624 5620 1727 5678 Etenim
1751 5616 1859 5678 mh
1873 5627 1918 5672 πθ·

322 5797 432 5854 *lacet
448 5796 564 5856 Palatin.
584 5813 637 5856 ms.
653 5801 750 5868 uerba,
766 5804 832 5863 sieut
855 5811 879 5860 ct
896 5819 944 5875 epo
962 5806 1079 5876 etr-irai,
1096 5822 1157 5881 qnae
1181 5830 1268 5886 nequae
1292 5819 1321 5874 io
1340 5819 1544 5892 Senectute,
1563 5823 1656 5895 paucio
1675 5821 1803 5896 esceptlt
1819 5817 1913 5879 coditi·
1981 5779 1982 5813 ἡ

272 5869 334 5940 hus,
348 5867 493 5925 hahentur.
