4017 6334
95 333 147 402 obt
259 388 264 397 .
738 338 842 402 UBER
861 337 1129 406 ecciesttsttct.
1698 351 1752 414 lib

128 457 199 513 lissa
219 455 291 513 enirn
311 456 450 514 ionuanit
467 467 566 532 patrem
578 455 605 513 in
624 453 688 528 pliis
701 467 712 512 .·
726 463 752 512 et
763 456 895 530 iudiciuae
908 461 934 524 Α
984 457 1036 513 Car
1045 460 1133 532 inopis
1144 474 1176 517 ste
1190 459 1329 534 aspirarit,
1343 461 1367 518 el
1376 474 1428 518 ttort
1446 462 1585 534 protrabas
1599 465 1688 522 datuns
1698 487 1747 526 an-

95 530 185 586 nutris
194 531 344 597 saodrerrs,
360 531 473 602 firmauit
484 534 513 584 in
524 527 605 600 filios.
948 531 1086 600 pustianti.

130 601 182 668 Qui
194 601 282 673 ditipit
300 601 395 667 iteum,
407 601 523 656 exorabit
533 617 582 674 pro
600 601 726 674 peccatis,
742 609 767 654 et
777 601 895 656 contine·
983 602 1156 681 lioputiotrem
1166 603 1334 660 contribulati
1347 623 1380 662 ne
1394 607 1503 681 abjicias
1518 623 1528 664 .·
1541 615 1566 662 ct
1581 624 1632 665 non
1646 622 1746 668 aonias

96 673 129 729 bit
143 673 297 741 scabidis,
312 683 336 729 et
354 676 382 728 in
393 679 510 729 oratione
523 673 626 727 dierurn
636 672 801 729 exaudietur.
945 671 1039 742 societte
1053 685 1124 730 tuarn
1137 675 1169 730 ab
1183 693 1270 748 epona.

129 743 165 799 bt
184 744 253 799 sieut
271 746 318 818 oui
335 745 504 813 thesaurizat,
517 745 555 799 ita
567 752 592 799 ct
606 743 651 816 qui
664 743 821 814 honorificat
834 760 893 799 ma·
980 744 1021 800 Ab
1033 747 1110 817 inope
1122 763 1154 802 ne
1167 761 1269 803 orestus
1291 748 1380 804 oculas
1406 759 1464 806 taos
1488 767 1534 823 pro
1557 763 1593 808 'er
1618 752 1700 822 irum;
1718 764 1742 810 et

93 827 161 872 treus
172 831 260 872 suam.
943 831 996 871 eron
1011 819 1144 891 relinquas
1158 820 1334 888 quarentibus
1346 821 1392 876 tibi
1404 833 1473 876 retro
1484 770 1648 881 malidicere.

129 887 182 956 Qui
194 888 306 944 donarat
319 897 420 961 patrem
433 903 521 954 stram,
529 885 719 958 jucundabitur
731 887 759 943 in
772 883 836 958 filiis
847 903 858 942 .·
869 896 894 944 et
979 888 1158 946 ilaledieentis
1180 893 1248 946 enirn
1262 890 1308 946 tibi
1330 893 1356 946 in
1369 893 1540 949 amaritudine
1552 898 1647 952 aairtrtc
1658 912 1739 953 onaa-

91 960 120 1014 in
134 961 178 1014 dic
192 961 320 1015 orationis
334 975 390 1016 suto
402 961 566 1015 exaudietur.
942 958 1029 1015 dictur
1042 962 1190 1028 deprecatio
1202 961 1274 1018 illius
1285 979 1295 1018 .·
1308 966 1430 1020 exaudiet
1440 975 1525 1022 auteur
1535 984 1603 1037 cuttu,
1618 971 1663 1041 qui
1673 971 1734 1042 [scil

127 1031 182 1096 Qui
200 1031 313 1086 bonosae
341 1041 439 1104 putreat
461 1047 548 1095 suum,
563 1031 617 1084 uita
631 1030 697 1086 siret
718 1030 835 1104 lonpiore
847 1045 858 1087 .·
869 1039 892 1086 et
941 1030 1030 1088 illurn.

91 1105 136 1174 ani
152 1102 240 1159 obedit
253 1103 512 1175 potri‚re[riacrabit
526 1111 645 1157 matrem.
978 1103 1181 1176 Conprcpotiotsi
1204 1121 1348 1179 pauperum
1376 1107 1509 1176 affabilem
1535 1119 1559 1166 tc
1588 1112 1688 1182 facita.
1717 1122 1742 1168 et

125 1175 180 1242 Qui
193 1177 264 1230 timet
277 1174 429 1242 verrinum,
446 1175 555 1230 bonorat
571 1183 702 1243 parentes,
716 1184 741 1231 et
754 1175 831 1246 quasi
842 1174 893 1229 do·
942 1176 1090 1248 presbptero
1103 1175 1215 1232 bunsiiia
1228 1181 1342 1234 animant
1360 1189 1442 1248 tuam,
1454 1192 1478 1236 et
1493 1195 1616 1253 nrapnuto
1629 1182 1739 1239 butniliu

90 1246 170 1302 uictis
184 1247 278 1303 seruiet
291 1245 333 1302 bis
346 1247 390 1318 qui
402 1262 429 1301 se
440 1255 597 1320 penserunt.
942 1261 1019 1318 eaput
1032 1257 1116 1304 tuum.

124 1314 163 1372 ln
179 1329 257 1389 opero
274 1327 300 1372 et
316 1333 444 1388 serosotse,
459 1327 485 1373 et
498 1317 567 1374 osani
581 1317 709 1392 patientia
728 1318 829 1375 boneta
844 1323 907 1390 pai
977 1316 1087 1376 Declina
1099 1321 1209 1394 pauperi
1223 1323 1279 1377 sinc
1290 1321 1395 1379 tristitia
1412 1339 1502 1380 aurem
1517 1334 1600 1395 luant,
1621 1338 1645 1383 et
1660 1328 1739 1384 redde

90 1398 157 1445 trem
171 1397 257 1459 tuum,
943 1388 1057 1448 debiturn
1070 1402 1154 1462 tuum,
1176 1404 1199 1450 et
1220 1395 1348 1466 responde
1371 1396 1411 1450 illi
1435 1397 1546 1467 pacifica
1569 1400 1596 1454 in
1619 1417 1742 1458 mansue-

126 1459 165 1516 tte
187 1463 352 1533 superuenire
365 1461 411 1517 tibi
431 1460 575 1517 benedictio
594 1461 627 1515 ob
642 1477 683 1529 eo,
699 1469 723 1518 tt
745 1462 891 1519 benedictio
941 1461 1041 1518 tudine.

89 1532 164 1588 iltius
173 1534 202 1590 iss
213 1534 354 1590 ssorisss'mo
365 1542 478 1589 marceat.
976 1533 1071 1591 libera
1085 1552 1143 1591 eum
1158 1537 1203 1608 qui
1215 1537 1341 1610 injuriant
1353 1539 1451 1613 patitur
1465 1539 1498 1594 de
1512 1557 1591 1596 mortu
1609 1546 1737 1618 superbi:

123 1605 277 1662 berredictio
288 1605 371 1678 putris
385 1607 473 1677 firmat
484 1604 575 1660 dontos
587 1605 703 1676 tiliorum
717 1620 728 1662 .·
741 1605 890 1662 maledictio
940 1612 966 1660 ct
980 1621 1033 1662 noa
1047 1607 1122 1664 acide
1135 1613 1204 1680 {eras
1215 1610 1243 1665 in
1254 1611 1343 1665 animo
1356 1621 1414 1666 tua.

89 1686 177 1733 autern
187 1679 282 1733 matris
296 1678 411 1734 eradicat
425 1678 606 1749 [stadonense.
976 1675 1163 1751 injudicando
1176 1689 1231 1738 esto
1245 1683 1352 1754 pupillis
1362 1683 1508 1741 misericors
1518 1696 1547 1742 ttt
1557 1695 1641 1757 pater,
1653 1698 1678 1745 et
1687 1707 1735 1763 pro

123 1749 171 1806 Ns
181 1751 304 1824 plorieris
318 1752 346 1805 in
359 1748 519 1805 contumelio
533 1750 616 1822 patris
627 1749 665 1804 tui
679 1765 690 1805 .·
704 1766 757 1806 nors
768 1749 837 1805 enint
851 1757 888 1806 est
939 1747 996 1802 oiro
1006 1752 1084 1806 matri
1098 1753 1226 1807 illoram:

89 1820 134 1877 tibi
149 1821 247 1891 pluria,
263 1825 321 1896 ejus
336 1821 466 1892 contusio.
903 1855 927 1917 Β
961 1818 1012 1902 ,iit
1025 1823 1075 1878 eris
1090 1831 1118 1876 tu
1131 1823 1198 1878 uelat
1211 1825 1281 1894 filius
1295 1824 1424 1882 ditissimi
1438 1828 1569 1902 obediens,
1589 1839 1613 1888 et
1632 1837 1737 1890 reuisere-

123 1892 220 1950 (s'lorio
232 1896 301 1948 enias
315 1894 426 1949 lsosuistis
443 1908 476 1948 eso
494 1892 593 1948 bonore
603 1891 688 1967 patris
705 1893 757 1963 sui,
770 1901 796 1950 et
811 1894 889 1951 dede·
942 1889 1012 1946 bstur
1026 1895 1065 1948 tui
1077 1895 1159 1966 ntapis
1172 1911 1250 1968 quant
1269 1908 1360 1952 mater.

90 1980 133 2020 cus
146 1963 198 2034 lilii
219 1975 293 2035 poter
305 1966 360 2022 sine
373 1963 482 2020 bonore.
977 1963 1116 2036 Sapientia
1129 1968 1192 2034 liliis
1205 1968 1257 2028 stris
1268 1970 1483 2040 attaminarunt,
1498 1981 1523 2029 et
1533 1976 1639 2048 srtsct'pil
1649 1977 1738 2050 iaqui-

123 2037 191 2104 frti,
203 2039 307 2109 carcine
326 2046 455 2094 scttcctosn
477 2037 559 2104 patris
575 2037 626 2103 tui,
640 2045 664 2092 ct
684 2054 737 2094 non
752 2038 888 2094 contristes
940 2045 1025 2090 retstes
1039 2055 1076 2102 se,
1092 2048 1117 2094 ct
1131 2039 1231 2108 pratris
1245 2041 1272 2094 in
1282 2041 1321 2094 uia
1332 2042 1451 2113 justitiae.

90 2125 146 2165 cuns
160 2109 190 2164 in
204 2109 257 2164 risa
267 2110 350 2166 itlius.
976 2106 1067 2179 Ecqui
1080 2109 1153 2164 illam
1166 2108 1263 2181 diberit,
1278 2112 1325 2166 oili
1344 2113 1362 2166 it
1373 2115 1468 2169 ailant:
1481 2125 1505 2170 et
1516 2117 1559 2188 rpsi
1572 2117 1736 2190 aipilaoerittt

121 2179 159 2234 iit
171 2183 194 2236 si
207 2181 331 2252 defecerit
346 2197 434 2249 seusu,
448 2181 549 2237 ueniant
562 2178 608 2248 do,
624 2190 649 2236 et
663 2197 697 2235 ne
707 2197 818 2251 speruus
830 2197 888 2236 curn
939 2178 974 2233 od
986 2176 1070 2246 iltatn,
1085 2183 1286 2255 complectentur
1299 2131 1429 2255 pdqscorctrs
1442 2190 1510 2259 ejus.

91 2251 114 2306 iss
127 2253 224 2309 uirtute
234 2255 470 2326 tuaseleemospno
481 2253 551 2309 enirn
560 2253 644 2322 patris
657 2268 709 2307 non
719 2254 767 2308 erit
779 2256 807 2309 in
822 2252 890 2308 obli·
941 2319 948 2332 .
975 2249 1029 2315 Qui
1049 2257 1177 2308 tenuerint
1201 2255 1285 2322 illam,
1312 2257 1391 2310 uitam
1412 2259 1601 2316 istereditabttttt
1613 2279 1623 2318 .·
1637 2272 1661 2318 et
1684 2281 1735 2336 quo

88 2325 170 2380 sione.
938 2322 1064 2394 untroibit,
1080 2324 1210 2379 benedicet
1224 2327 1302 2381 betas.

122 2396 195 2452 Natos
207 2414 258 2471 pro
271 2407 377 2470 peccato
389 2397 483 2454 enutris
496 2394 644 2453 restituetur
654 2394 700 2450 tibi
713 2394 820 2451 bortum.
975 2391 1028 2459 Qui
1045 2397 1161 2451 seruiunt
1180 2397 1214 2464 ei,
1236 2397 1399 2467 obsequentes
1419 2411 1495 2456 erunt
1515 2413 1625 2460 sarteto:
1640 2416 1663 2461 et
1684 2424 1728 2465 eos

120 2467 156 2522 Et
165 2469 492 2543 injustitiooedificabitur
501 2469 559 2534 tibi,
571 2476 595 2522 et
607 2468 636 2521 in
652 2468 697 2522 die
710 2465 887 2522 tribulationis
937 2464 983 2535 oui
996 2465 1109 2540 lilipurtt
1124 2467 1208 2534 illuns,
1222 2469 1308 2538 ditipit
1325 2470 1406 2526 lletts.

88 2542 330 2599 coarmemorobitur
341 2545 380 2597 tui
390 2557 400 2598 .·
410 2550 435 2599 et
448 2541 516 2596 sicut
525 2540 553 2596 in
567 2555 656 2595 sereno
667 2538 775 2612 pluries,
789 2540 888 2596 soloen-
974 2534 1027 2602 Qui
1041 2539 1115 2594 audit
1137 2539 1220 2608 illurn,
1240 2539 1372 2611 jattcabtt
1386 2551 1532 2613 perterret
1554 2547 1600 2618 qui
1623 2546 1737 2606 intuetur

88 2620 242 2684 turpcsetsta
254 2623 310 2670 tua.
935 2607 1020 2675 illam,
1038 2612 1197 2679 permanebit
1212 2612 1356 2679 eotrfidetts.

121 2687 207 2751 Quane
228 2686 307 2740 nsalse
323 2686 401 2757 sama
418 2691 466 2746 est.
483 2683 528 2755 qui
549 2679 705 2755 derelinquit
725 2690 887 2752 portentet
973 2679 1005 2734 Si
1019 2681 1157 2737 crediderit
1172 2683 1209 2746 ei,
1224 2682 1385 2739 lraredr'tobr't
1401 2684 1487 2755 illuns,
1503 2697 1615 2746 eterunt
1629 2692 1656 2747 in
1672 2708 1736 2748 cou-

87 2753 141 2827 [ΑΙ.
157 2765 213 2814 tue.
228 2755 266 2830 et]
277 2766 315 2813 tst
327 2755 483 2812 maledictus
498 2771 515 2809 a
531 2752 597 2824 bea,
612 2755 656 2824 qui
667 2762 803 2826 enasperat
826 2770 884 2808 nra·
935 2749 1084 2820 firmatione
1093 2761 1218 2809 creatura
1230 2753 1325 2809 illius:

87 2837 158 2882 tram.
973 2821 1102 2889 Quoniam
1111 2825 1139 2880 itt
1150 2825 1289 2881 tetstatione
1302 2827 1419 2883 ambalat
1430 2844 1489 2886 curn
1504 2849 1544 2902 eo,
1560 2843 1584 2889 et
1595 2835 1624 2890 its
1641 2837 1732 2906 psintis

118 2897 188 2968 Fili,
200 2902 231 2956 in
246 2900 445 2959 mansuetudine
462 2913 543 2971 opera
567 2905 612 2953 tuo
637 2897 743 2970 pertice,
757 2905 783 2952 et
804 2914 884 2970 supet
934 2892 1007 2966 elipit
1022 2913 1092 2954 eunt.

86 2969 219 3028 bominum
233 2975 345 3044 ploriatn
357 2971 487 3040 diliperis.
972 2965 1104 3022 'limacem
1118 2977 1141 3024 et
1159 2979 1270 3036 aretam.
1293 2979 1318 3026 tt
1333 2973 1509 3044 probationem
1529 2975 1631 3032 inducet
1652 2997 1732 3048 snper

119 3043 224 3110 Quanto
237 3062 349 3118 ursanus
361 3062 397 3112 es,
413 3042 524 3099 inmitia
538 3049 562 3096 te
576 3041 603 3095 iu
616 3041 746 3111 omnibus,
762 3052 786 3098 et
796 3058 884 3099 eoram
933 3037 1009 3093 illuns
1022 3054 1031 3094 .·
1046 3052 1068 3096 et
1080 3041 1203 3096 cruciabit
1218 3042 1294 3096 ittntn
1307 3044 1335 3098 in
1349 3045 1515 3101 tribulatione
1528 3047 1653 3104 doctrinae
1662 3069 1727 3119 stru,

84 3111 137 3168 Dea
151 3117 267 3173 tumre,
278 3117 392 3190 martam
406 3132 416 3172 ‚·
522 3132 525 3136 ⁴
934 3109 1103 3168 dorteotetttet
1113 3128 1170 3167 essm
1180 3113 1207 3169 in
1217 3115 1413 3188 capitationibus
1425 3116 1488 3186 estis,
1500 3129 1524 3174 et
1537 3120 1625 3175 eredat
1635 3125 1731 3180 astituat

118 3187 254 3252 Quoniam
267 3205 364 3263 maana
382 3187 500 3262 potentia
520 3183 567 3240 bei
581 3184 673 3255 solisss,
690 3193 713 3240 et
728 3185 760 3240 ab
772 3185 883 3243 bamili·
933 3181 1017 3237 illius·

84 3255 129 3313 bars
141 3259 297 3317 bonoratur.
893 3249 918 3318 G
967 3253 1003 3308 lit
1018 3255 1133 3326 tiratabit
1146 3257 1232 3332 illam,
1245 3265 1269 3314 et
1278 3258 1328 3314 iter
1339 3260 1451 3318 adducet
1463 3261 1587 3320 directum
1597 3265 1632 3320 ad
1642 3266 1727 3336 illum,

115 3330 219 3388 Allium
238 3341 264 3389 ts
283 3349 316 3390 ne
336 3331 482 3406 quesieris,
500 3340 524 3386 et
543 3330 653 3402 tortiora
665 3339 731 3384 tene
749 3336 879 3387 scrutatus
932 3335 956 3381 et
969 3327 1111 3394 laetificabit
1125 3327 1210 3385 illum.

82 3400 160 3472 [sais
172 3421 183 3461 .·
195 3405 242 3461 ssd
252 3422 312 3478 putu
324 3407 444 3480 praemit
455 3402 502 3456 tibi
512 3399 594 3465 Deus,
609 3403 657 3456 illo
667 3402 753 3472 capito
766 3417 879 3472 semper,
968 3397 1002 3451 lit
1017 3401 1158 3455 denudabit
1169 3402 1294 3460 absconso
1303 3421 1351 3460 stta
1359 3405 1410 3474 illi,
1423 3415 1447 3460 et
1458 3405 1643 3464 tltesatsrt'sallt
1653 3427 1730 3482 supet

80 3483 104 3527 et
121 3475 150 3529 in
165 3478 286 3550 pluribus
303 3477 423 3552 operibus
435 3478 536 3548 ejusne
550 3472 631 3545 fueris
645 3476 773 3527 curiosas.
930 3469 1005 3525 illuns
1019 3474 1152 3528 reietstiant
1170 3483 1194 3530 et
1209 3475 1368 3532 intellectuat
1379 3478 1501 3550 institiae.

116 3545 180 3604 Nan
196 3558 239 3604 est
259 3552 328 3606 ctrina
342 3549 389 3606 tibi
408 3545 582 3603 steressoriutn
598 3559 640 3612 cu,
652 3561 712 3616 anu
726 3543 880 3602 abscondito
966 3542 998 3599 Si
1020 3553 1106 3600 autem
1130 3549 1299 3612 oberraverit,
1324 3548 1485 3622 derelinquet
1508 3567 1578 3620 eum,
1599 3561 1623 3611 et
1644 3553 1727 3610 tradet

80 3628 149 3686 sunt,
163 3620 253 3676 nidmu
263 3620 346 3678 oculis
360 3619 422 3675 tuis.
929 3629 988 3668 cum
1001 3617 1029 3669 in
1042 3633 1134 3672 rnoaus
1145 3619 1244 3674 inimici
1256 3621 1307 3675 sui.

113 3690 148 3745 ln
168 3693 336 3760 superuacuis
352 3691 427 3747 rebus
447 3689 503 3745 noli
523 3687 637 3746 sertttori
650 3685 839 3759 multiplieiter,
854 3699 879 3745 et
965 3683 1030 3753 Fili,
1043 3704 1164 3744 conset-oa
1180 3699 1290 3760 temptas,
1307 3700 1331 3746 ct
1346 3691 1431 3747 deuito
1445 3701 1461 3744 a
1476 3693 1555 3748 tttalo.

78 3760 105 3814 in
136 3763 240 3819 lucibus
254 3765 373 3837 operibat
386 3766 442 3836 ejus
455 3779 507 3818 non
521 3764 573 3817 eris
586 3759 716 3816 curiosus.
966 3755 1021 3811 Pro
1034 3759 1121 3812 urtinse
1136 3771 1180 3817 tuo
1194 3779 1223 3815 tte
1238 3763 1409 3834 cottsutttlaris
1423 3763 1509 3817 dicere
1523 3781 1620 3821 retunt.

114 3781 237 3890 sstsstssa
257 3837 327 3892 caim
344 3851 422 3910 super
436 3849 541 3891 scnsunt
552 3831 688 3887 bosstinutss
703 3841 806 3888 ostensu
818 3841 878 3888 sant
965 3826 1014 3882 Est
1028 3831 1096 3884 cuim
1112 3831 1168 3916 [ut.
1188 3832 1278 3904 etiam]
1292 3834 1411 3904 constssio
1430 3832 1561 3890 adducens
1579 3849 1723 3911 peecatum,

79 3905 134 3960 tibi.
928 3908 953 3958 et
965 3911 1003 3954 est
1016 3907 1134 3972 cortsuno
1148 3903 1278 3958 adducens
1294 3904 1403 3974 plotium
1414 3912 1438 3960 et
1448 3906 1569 3976 qratiam.

112 3977 216 4036 ttstrtn
235 3993 337 4050 auom
356 3975 531 4052 supplantavit
550 3973 665 4048 suspicio
682 3975 800 4044 illarum,
812 3985 836 4030 et
848 3975 876 4030 iss
964 3969 1008 4026 Ne
1022 3975 1135 4043 accipias
1152 3975 1245 4046 [acient
1258 3977 1381 4031 aduersus
1401 3975 1494 4044 iaciens
1508 3987 1597 4046 tuaac,
1611 3995 1659 4035 nec
1671 3983 1723 4037 atl-

76 4050 192 4106 ouaitote
203 4051 317 4106 detinuit
331 4067 420 4106 sensus
434 4049 551 4104 illorum.
927 4059 1017 4100 uersum
1033 4045 1147 4099 anintatn
1161 4055 1232 4100 tuam
1245 4046 1418 4101 merroacturn.

110 4120 164 4176 Gor
178 4123 275 4178 durum
289 4122 391 4179 babebit
405 4121 472 4176 rrsale
488 4122 517 4175 in
533 4117 671 4174 nouissimo
686 4133 695 4172 .·
708 4127 734 4174 ct
748 4118 794 4189 aui
806 4127 876 4175 arrtot
964 4114 1008 4172 Nc
1019 4117 1156 4173 reverearis
1171 4118 1317 4188 proximum
1329 4127 1404 4174 lutcttt
1416 4121 1444 4174 itt
1457 4135 1518 4176 castt
1533 4139 1579 4178 etto
1594 4139 1603 4177 .·

75 4193 233 4262 perieulum,
243 4196 274 4250 in
291 4196 338 4248 illo
357 4193 459 4264 peribit.
965 4186 1022 4244 Neo
1031 4190 1143 4244 retineas
1152 4188 1256 4244 uerbum
1266 4191 1292 4244 irc
1304 4199 1416 4263 ternpore
1427 4190 1526 4249 salutis.
1542 4193 1604 4249 lion
1614 4194 1722 4252 abscon·

110 4263 163 4320 Cor
178 4264 331 4338 inprsdiens
350 4267 416 4321 duos
436 4265 490 4320 uias
510 4275 563 4316 noa
583 4259 683 4316 lsabebit
693 4275 837 4331 successus,
851 4271 876 4318 et
927 4259 975 4314 das
988 4260 1144 4332 sapientiam
1160 4271 1232 4317 tuom
1245 4263 1272 4316 in
1286 4265 1377 4317 decore
1390 4279 1448 4319 suo.

75 4351 173 4402 prauus
187 4336 266 4393 eorde
285 4339 314 4391 in
327 4335 381 4392 illis
393 4333 623 4391 scandalizabitur.
963 4328 997 4384 irs
1017 4331 1108 4406 littpua
1122 4333 1188 4388 caint
1205 4334 1334 4404 sapientia
1347 4331 1507 4405 dianoscitur
1519 4351 1528 4391 .·
1542 4346 1565 4391 at
1578 4353 1687 4410 seusus,
1703 4353 1730 4398 et

108 4407 163 4462 Cor
176 4425 287 4478 nequent
296 4409 447 4478 precabitur
459 4408 488 4464 iu
499 4405 643 4473 doloribus,
656 4416 679 4462 ct
692 4413 813 4479 peccator
826 4406 875 4462 ad·
925 4403 1044 4469 seientia,
1059 4415 1084 4459 et
1097 4407 1215 4460 doctriua
1236 4409 1262 4460 in
1276 4405 1353 4460 uerbo
1365 4409 1473 4478 sensati,
1489 4417 1513 4464 rt
1528 4408 1720 4480 firmamentum

68 4478 376 4553 jicietadpeccanduns.
925 4476 953 4530 in
966 4475 1213 4540 operibasiusti'ias.

108 4551 505 4625 Synapoascsuperbotumnon
517 4550 566 4604 erit
578 4549 675 4604 sanitas
688 4565 696 4604 .·
708 4552 874 4620 ssrsteusnim
963 4545 1026 4602 Non
1048 4548 1209 4603 contradicas
1229 4545 1304 4606 uerbo
1325 4549 1438 4603 ueritatis
1457 4549 1511 4606 rtllo
1531 4553 1622 4622 modo,
1645 4563 1669 4609 et
1693 4557 1725 4612 tle

48 4647 54 4654 ·
71 4624 173 4692 pcccati
189 4622 351 4680 radicabitur
363 4624 390 4678 in
405 4622 470 4692 illis,
486 4631 511 4677 et
526 4638 578 4676 non
592 4619 763 4694 inteltipctur.
886 4617 1061 4712 Drrtendacio
1078 4621 1259 4676 ineruditionis
1273 4631 1324 4675 tuta
1340 4620 1506 4690 contundere.

106 4692 161 4749 Cor
179 4696 305 4763 sapietais
319 4695 475 4767 ialeltipitur
488 4695 515 4749 in
529 4693 667 4764 sapientia,
678 4701 702 4746 et
719 4693 789 4746 attris
804 4691 871 4746 botta
962 4689 1024 4744 Non
1044 4692 1213 4776 contundatis
1227 4692 1345 4760 confiteri
1364 4701 1469 4761 peteme
1482 4701 1542 4762 tun,
1559 4705 1583 4751 et
1596 4714 1627 4753 ae
1640 4698 1723 4768 subji-

70 4765 163 4821 audiet
178 4782 239 4822 cunr
252 4767 323 4822 omni
332 4765 540 4831 cortcupiscentio
552 4764 718 4836 sapientiam.
924 4761 979 4816 cias
994 4770 1019 4816 te
1030 4777 1099 4817 ornat
1112 4763 1209 4818 bomini
1219 4775 1267 4834 pro
1281 4773 1398 4834 peccato.

105 4837 227 4912 Sapiens
239 4855 283 4894 cor
311 4847 335 4893 et
352 4837 513 4909 irtttltipibile
526 4835 663 4890 abstinebit
674 4851 700 4890 sc
713 4851 729 4888 a
744 4835 868 4906 pcccatis,
961 4832 1027 4887 Noli
1045 4835 1163 4890 resistere
1183 4841 1272 4888 contra
1295 4834 1387 4904 satiem
1407 4835 1530 4910 potentis,
1553 4853 1600 4892 rteo
1619 4842 1720 4896 cacteris

68 4919 92 4963 ct
103 4911 133 4963 irs
148 4911 273 4978 operibus
278 4909 391 4980 justitiae
406 4917 419 4946 ⁸
435 4923 564 4963 ructemus
575 4905 689 4962 babebit.
924 4912 1014 4959 contra
1027 4904 1105 4959 ictum
1117 4905 1200 4976 fluuii.

102 4980 205 5052 danem
216 4979 348 5037 ordcrttem
365 4980 504 5053 eustinpuit
524 4993 603 5050 aquo,
618 4987 642 5032 et
653 4976 814 5050 eleesnosysta
826 4994 869 5033 re·
961 4974 1015 5031 Pro
1026 4977 1130 5048 justitia
1144 4977 1284 5050 apottiusre
1298 4991 1345 5046 pro
1359 4977 1447 5032 arsinta
1464 4987 1525 5045 tua,
1545 4989 1568 5033 ct
1588 4997 1668 5053 rtstpue
1685 4986 1720 5036 att

64 5052 133 5106 derit
145 5055 273 5125 peccatis.
924 5054 1033 5103 ntortern
1048 5056 1118 5103 certa
1137 5065 1184 5122 pto
1194 5049 1312 5122 justitia,
1327 5056 1352 5102 et
1374 5047 1444 5104 Deus
1457 5051 1613 5121 erptspnabit
1630 5071 1678 5123 pto
1694 5065 1718 5108 te

101 5123 138 5176 ts's
169 5123 243 5180 dicus
266 5134 417 5197 prospector
431 5130 469 5180 est
492 5123 548 5195 ejus
573 5121 621 5193 apsi
632 5119 720 5176 reddit
735 5123 868 5193 aratiam:
923 5119 1043 5176 inimicos
1060 5127 1125 5177 tuos.

65 5195 189 5250 nessrinit
206 5196 264 5268 ejus
277 5197 305 5252 in
321 5205 463 5266 porterum,
474 5203 498 5253 st
507 5194 536 5250 in
549 5200 665 5266 ternpore
679 5209 755 5250 casus
770 5195 811 5249 sui
826 5194 871 5249 in·
958 5189 1024 5246 Nati
1037 5191 1130 5248 citatus
1146 5209 1200 5248 esse
1214 5193 1242 5249 in
1258 5193 1349 5268 linquo
1362 5197 1418 5260 tua,
1430 5199 1455 5247 et
1468 5191 1580 5263 inutilis,
1592 5202 1616 5248 et
1629 5198 1717 5253 remis·

65 5268 146 5324 sertim
159 5268 367 5338 pretonantusn.
923 5278 969 5320 sus
982 5264 1010 5318 in
1023 5265 1142 5333 operibus
1156 5266 1218 5320 tuis.

383 5357 499 5418 CAPUT
517 5357 561 5415 w·
922 5413 933 5462 t
961 5335 1095 5462 Noli'esse
1109 5336 1175 5422 sicat
1192 5336 1231 5391 leo
1241 5335 1270 5460 ibn
1280 5338 1426 5462 dootortbua,
1439 5343 1552 5393 evertens
1564 5337 1717 5399 domesticos

935 5423 1024 5474 stos‚e
1049 5423 1196 5480 opprrmens
1210 5424 1241 5463 su
1259 5423 1298 5475 tec
1310 5424 1338 5463 os
1363 5425 1371 5461 s
1389 5423 1408 5462 t.

96 5501 177 5570 Fili,
192 5501 379 5576 elecnrosunons
393 5499 515 5573 pauperis
527 5515 560 5556 ne
577 5497 730 5572 defraudes,
745 5507 769 5556 et
782 5497 871 5555 oeulos
941 5478 1024 5536 ’ΝΜ
1035 5480 1068 5533 ⁸⁸⁴⁸
1081 5489 1199 5550 immiti
1218 5495 1309 5534 ΜΝ*
1330 5489 1373 5534 ¹⁸²²
1386 5477 1421 5534 Μ
1443 5480 1634 5557 initimum,
1647 5495 1673 5544 tl
1685 5485 1721 5542 ad

61 5581 170 5632 tuosne
183 5582 509 5646 transuectasapoupere.
923 5549 1170 5606 mmmmm·
1237 5620 1396 5681 CAPUTV

94 5647 230 5702 uuonan
242 5644 654 5718 esurientesnnedespeocrtscet
668 5657 868 5718 nonccospercs
939 5696 943 5702 .
1400 5664 1406 5679 ·

61 5719 249 5794 pauperemin
263 5718 421 5791 inopiasuo.
942 5719 946 5726 ’
959 5713 1023 5772 Noli
1035 5713 1164 5772 attendere
1174 5713 1208 5770 ad
1220 5715 1392 5789 possessiones
1403 5717 1516 5790 iniquas,
1526 5727 1550 5775 ct
1561 5734 1593 5776 nc
1604 5717 1717 5779 diceris:

97 5916 112 5950 s
128 5902 289 5967 Praeicrttat
301 5902 348 5962 ulii
359 5903 422 5961 libri
436 5869 566 5963 accessus.

221 5998 359 6067 tarsos.
382 5997 508 6062 xxtx.
1370 5978 1408 6048 ¹¹*
