4017 6334
86 356 133 418 tls
721 347 824 410 uben
842 343 1066 412 rsutttouutt.
1664 353 1718 416 sod

88 471 212 532 motuum
232 467 323 545 putrer·
338 467 428 527 e'orcur
446 465 563 527 cruceni
577 475 638 526 ruat
660 467 689 526 br
705 484 796 525 orcum
808 483 870 541 prc-
882 469 910 531 A
921 462 1149 538 quemadmodum
1161 470 1254 536 patres
1264 478 1359 524 eornm
1370 465 1494 524 conuersi
1505 473 1570 525 suut
1583 466 1610 525 iu
1625 483 1718 528 arcuru

87 583 149 624 um,
921 572 1093 631 perversum·

116 656 146 711 lu
158 663 171 694 ¹
184 653 250 710 irum
263 653 454 710 concitmeruat
473 669 532 709 man
547 653 575 709 in
592 651 701 710 collidus
713 652 768 709 cuir
783 653 869 709 :etin
955 651 986 710 ln
999 649 1064 726 [ilc.
1080 649 1115 706 Et
1129 647 1169 721 in]
1184 648 1252 706 iram
1264 649 1470 706 concitauerunt
1486 664 1549 708 curn
1565 651 1592 709 in
1604 652 1720 711 collibus

85 747 230 821 sculptilibus
252 746 306 801 suis
328 745 364 802 cd
381 745 572 802 emulationem
584 762 642 801 rum
657 755 867 820 percurrerunt.
920 745 978 805 suis
991 762 999 800 :
1011 755 1037 802 et
1048 743 1076 799 in
1090 740 1262 813 sculptilibus
1280 743 1337 798 suis
1354 753 1366 781 ⁰
1381 743 1499 800 aemulati
1514 752 1579 800 suunt
1590 759 1678 803 cum.-

114 842 211 896 Audirit
225 840 304 911 berc,
315 850 339 896 ct
351 841 457 913 spreuit,
473 850 497 897 et
511 839 547 896 ud
560 841 671 897 uilu'luru
684 842 783 914 redegit
795 839 869 898 uelde
956 838 1068 897 Audiuit
1078 836 1222 904 Dominus,
1239 843 1267 893 et
1281 837 1399 908 spreuit,
1414 835 1490 896 etad
1504 836 1618 895 nibilum
1638 839 1719 910 nede-

85 933 168 990 isrccl.
920 929 1051 1006 gitnisnls
1061 929 1155 986 lsrael.
1686 929 1688 934 '

113 1025 144 1080 Et
163 1025 255 1097 repulit
280 1023 474 1081 cunradum
499 1025 577 1096 Silo,
608 1027 802 1084 tubernaculum
834 1042 866 1087 ψ
957 1024 990 1080 Et
1000 1020 1099 1094 repulit
1112 1019 1318 1078 tabernaculum
1328 1017 1388 1077 Silo
1401 1017 1471 1092 [tte.
1488 1019 1579 1080 Selom
1589 1022 1616 1094 i·
1631 1024 1722 1084 tuber-

84 1135 147 1174 nuurr
161 1118 172 1190 ζ
185 1116 200 1157 ¹>
213 1116 257 1172 ubi
270 1116 395 1174 dubitauit
412 1117 440 1172 in
454 1116 609 1174 bominibus.
920 1115 1048 1174 naculum
1062 1127 1158 1182 suum,
1173 1111 1200 1168 in
1216 1125 1270 1184 quo
1284 1111 1500 1180 habitaritintcr
1513 1112 1646 1172 homines.

112 1209 144 1266 iit
155 1209 260 1264 credidit
272 1212 300 1264 r'u
312 1211 485 1280 captiuitatem
497 1210 618 1266 uirtutem
638 1224 730 1266 eorum
743 1225 752 1265 .·
763 1217 788 1266 et
809 1207 871 1282 pul·
957 1209 993 1265 iit
1002 1206 1112 1265 tradidit
1124 1205 1153 1262 in
1166 1204 1350 1278 captiuitatem
1364 1203 1478 1262 uirtutes
1489 1219 1584 1262 eurum
1598 1222 1606 1263 ε
1619 1215 1646 1264 et
1659 1208 1723 1281 pul-

84 1301 240 1360 rbritrdincnr
253 1317 345 1358 eorum
358 1303 387 1357 iu
397 1317 489 1358 meum
509 1302 617 1358 inimici.
921 1303 1093 1362 cbritudines
1103 1317 1199 1360 eorum
1214 1303 1241 1359 iu
1254 1317 1351 1360 manus
1365 1303 1479 1360 inimici.

113 1395 142 1451 bt
152 1394 272 1450 comburit
285 1396 315 1450 in
327 1394 417 1468 giudic
434 1394 562 1467 populum
581 1410 658 1450 suurn
672 1409 683 1452 .·
696 1402 720 1451 et
734 1394 870 1450 beredita-
958 1399 993 1454 Et
1005 1397 1140 1456 conclusit
1150 1396 1178 1452 in
1192 1395 1285 1468 gladio
1298 1395 1428 1468 populum
1446 1411 1525 1455 suum
1543 1407 1592 1456 :et
1607 1399 1723 1458 baeredi-

85 1496 127 1542 ten
144 1501 214 1542 rnen
224 1486 335 1560 spreuit.
921 1501 1005 1551 tatem
1019 1505 1096 1549 suam
1110 1489 1224 1562 spreuit.

111 1579 211 1637 iuuenes
224 1596 317 1639 eorunr
327 1581 438 1639 eorucdit
451 1582 520 1655 ipuir
534 1591 580 1638 ret
592 1581 704 1655 uirgines
712 1595 804 1638 cerunt
818 1596 871 1637 nou
956 1584 1077 1645 iuvenes
1096 1598 1191 1640 eorum
1205 1581 1325 1641 comedit
1340 1582 1411 1656 iguis
1426 1601 1432 1642 :
1445 1593 1472 1642 et
1485 1583 1606 1659 uirgines
1626 1601 1723 1646 eorum

83 1682 132 1730 rust
147 1674 302 1731 bnmtntre.
922 1693 977 1738 nou
989 1685 1053 1736 suut
1067 1677 1233 1734 lamentatae.

112 1767 250 1824 sacedotes
267 1782 361 1824 corum
378 1768 406 1822 in
435 1765 526 1841 plodio
550 1766 699 1826 cecideruut
714 1781 725 1824 .·
739 1775 763 1823 ct
785 1764 871 1824 uidae
958 1769 1122 1830 Sacerdotes
1133 1785 1228 1827 eorum
1242 1768 1331 1842 gladio
1342 1771 1612 1834 cecideruutraiduu
1626 1790 1722 1834 corum

84 1874 158 1915 rorum
170 1874 220 1915 uon
230 1859 418 1933 plorabuntur.
884 1875 977 1937 nunu
991 1865 1171 1936 ploraverunt
1186 1861 1250 1936 [lle.
1267 1859 1469 1937 plorabuntur].

111 1950 141 2007 Et
151 1953 274 2008 adsum
288 1961 327 2009 err
344 1964 476 2026 marpucur
490 1953 622 2011 dormiens
638 1950 768 2009 Dentiuur
779 1969 791 2021 ‚·
804 1961 872 2008 taur·
960 1958 995 2014 Et
1017 1955 1153 2013 excitatus
1177 1965 1221 2012 est
1240 1965 1378 2028 tamquam
1410 1956 1550 2014 dormiens
1572 1958 1723 2022 Dominus:

84 2061 147 2116 pren
158 2055 244 2118 potens
259 2045 416 2120 crnpulctur
430 2064 447 2102 n
460 2047 532 2104 uiuo.
923 2052 1002 2126 quusi
1015 2049 1078 2124 [lis.
1095 2048 1243 2124 tamquam]
1259 2057 1357 2121 potens
1370 2051 1527 2122 crapulatus
1541 2068 1555 2108 a
1569 2053 1644 2110 uiuo.

114 2137 141 2192 Et
151 2138 512 2210 perursitininricorruorin
525 2141 668 2213 posteriorc
683 2138 873 2214 :opprobrium
960 2145 994 2201 Et
1010 2144 1143 2216 percussit
1158 2141 1283 2200 inimicos
1306 2158 1371 2201 suos
1391 2145 1419 2201 in
1434 2145 1590 2218 posteriora
1606 2161 1726 2222 :oppro-

85 2231 249 2303 rcnpitemrnr
263 2230 341 2289 dedit
356 2231 423 2289 illic.
922 2235 1013 2294 brium
1027 2236 1226 2306 senrpiteruum
1241 2233 1316 2290 dedit
1336 2232 1400 2292 cis:

112 2326 142 2381 dt
153 2328 242 2399 repulit
255 2326 565 2402 tabernuculunrlosepir
578 2336 622 2386 :ct
635 2327 731 2384 tribunt
745 2325 873 2399 Ephraim
959 2332 993 2387 tu
1005 2329 1110 2402 repulit
1125 2329 1330 2386 tabernaculum
1351 2329 1474 2403 toseptr,
1501 2333 1601 2391 tribum
1617 2335 1681 2408 [tte.
1698 2344 1726 2393 ct

86 2423 137 2495 [lis.
151 2421 257 2498 Effrera]
276 2441 329 2480 non
343 2422 432 2495 clepit.
924 2421 1038 2494 triburnl
1053 2421 1175 2493 Ephrem
1191 2436 1244 2478 non
1259 2421 1341 2493 elegit
1355 2439 1362 2476 r
1378 2422 1426 2480 scd
1442 2423 1511 2496 [ils.
1525 2424 1568 2496 etl
1583 2427 1666 2499 elegit
1679 2428 1727 2484 tri·

113 2517 159 2573 Sed
170 2518 243 2590 elegit
259 2516 360 2572 tribunt
371 2514 453 2583 ludu,
467 2524 580 2571 motarent
593 2513 659 2570 Sion
676 2529 753 2586 nunu
769 2511 872 2568 dilectit.
923 2515 988 2573 hum
1000 2514 1081 2582 iuda,
1098 2522 1219 2571 montem
1234 2513 1300 2570 sinu
1315 2528 1396 2584 quem
1411 2513 1516 2572 dilexit.

113 2609 142 2665 lit
154 2611 288 2681 edificavit
298 2609 366 2666 sieut
380 2607 546 2665 unicornium
561 2605 735 2678 sanctificium
755 2619 830 2661 ruunt
845 2603 873 2658 in
961 2607 996 2665 Et
1022 2605 1169 2664 edibcavu
1186 2607 1256 2663 sicut
1277 2607 1490 2665 unicornuorum
1507 2605 1517 2648 t
1532 2611 1725 2670 sanctificatio·

86 2712 154 2774 trrrr,
166 2723 239 2778 mum
252 2704 378 2777 {undonis
392 2704 419 2758 iu
431 2701 539 2759 ecculm
924 2715 1076 2760 nemsuam
1094 2718 1102 2756 ι
1118 2701 1231 2768 interra
1241 2699 1367 2757 fundarit
1381 2715 1441 2758 eam
1457 2701 1608 2762 insaecula.

114 2797 442 2871 temperantissimum
456 2807 548 2865 ructu,
562 2802 587 2850 ct
602 2808 634 2850 -ι-
652 2808 696 2848 tur
713 2790 724 2860 ζ
742 2790 801 2847 ruttr
813 2804 873 2846 eunt
961 2793 996 2852 Et
1005 2793 1090 2866 elegit
1102 2803 1115 2842 s
1129 2791 1212 2848 David
1223 2807 1333 2850 serrum
1347 2807 1426 2850 suum
1440 2835 1448 2864 ,
1471 2804 1500 2852 et
1524 2797 1636 2854 sustulit
1661 2815 1726 2858 pum

86 2889 227 2966 decrepitus
237 2891 349 2948 ouium:
366 2887 399 2945 de
412 2896 469 2962 port
486 2892 594 2961 [uenter
607 2885 706 2957 recepit
718 2899 787 2940 eunt.
924 2885 959 2943 de
972 2885 1101 2958 gregibus
1119 2883 1209 2942 orium
1230 2899 1238 2939 t
1256 2893 1283 2942 et
1294 2883 1358 2959 [lle.
1373 2893 1424 2942 tec.
1438 2883 1477 2958 et]
1489 2884 1596 2960 depost
1608 2887 1725 2950 letantes

925 2975 1114 3049 acecpiteunr.

114 3073 306 3134 lucerelueob
324 3089 425 3132 mrum
435 3087 530 3144 rrum,
544 3079 570 3130 et
581 3069 682 3140 israel,
698 3067 875 3126 trercditrtem
961 3069 1078 3128 Parcere
1092 3067 1318 3141 tacobpoputun
1332 3083 1423 3142 sunm,
1435 3078 1465 3128 ct
1477 3069 1562 3130 isreel
1578 3113 1586 3146 ‚
1609 3073 1724 3134 lraercdi·

87 3188 155 3228 m,
927 3169 1009 3221 ladem
1024 3177 1115 3220 suam.

114 3263 143 3320 dt
155 3267 219 3338 parit
231 3266 316 3324 coria
330 3263 574 3323 inurerentineordir
587 3261 628 3318 sui
642 3275 652 3316 r
665 3268 689 3316 et
701 3259 730 3316 iu
741 3259 805 3332 [iis.
820 3263 911 3332 tacu*¹
964 3256 997 3312 Et
1012 3257 1085 3328 pauit
1099 3269 1147 3314 eos
1162 3255 1221 3314 sius
1236 3254 1342 3314 malitia
1356 3257 1448 3320 cordis
1457 3261 1500 3318 sui
1519 3278 1527 3322 r
1544 3271 1572 3321 et
1591 3263 1620 3322 in
1642 3279 1725 3324 scursu

86 3359 116 3430 ir]
126 3360 289 3418 intellectibus
303 3375 430 3416 munuum
450 3373 558 3416 suerum
572 3353 691 3413 deducit.
927 3362 1059 3406 manuum
1076 3363 1188 3406 suarum
1202 3347 1315 3408 deduxit
1326 3364 1385 3410 eos.

702 3465 886 3533 PSALMUS
906 3463 1085 3530 Lxxvttt.

342 3589 596 3638 suessonense.
1212 3583 1436 3632 ssutuuststru.

91 3649 324 3742 ‘brussrenerunt
338 3680 425 3745 pentec
437 3672 465 3728 in
475 3668 651 3728 hereditatem
664 3673 736 3722 turm
749 3679 759 3720 :
772 3661 873 3736 pollue·
962 3659 1056 3729 bens,
1079 3668 1214 3718 venerunt
1232 3672 1328 3733 gentes
1353 3665 1380 3722 in
1409 3667 1597 3732 hereditatem
1624 3682 1697 3736 tuam
1714 3693 1722 3740 ι

85 3777 134 3821 rtet
146 3767 266 3839 templum
282 3774 403 3822 neutum
420 3772 510 3834 uum,
527 3766 669 3834 potuerunt
682 3756 827 3815 icruruicur
844 3754 873 3810 in
924 3751 1173 3824 coinquinaverunt
1189 3754 1320 3826 templum
1334 3767 1458 3816 sanctum
1473 3769 1559 3820 tuum.

85 3876 199 3930 mm
213 3861 374 3917 megaram,
961 3843 1119 3901 Potuerunt
1147 3845 1297 3902 Jerusalem
1322 3848 1396 3904 reiut
1419 3865 1561 3922 pomorum
1584 3863 1722 3920 custodia-

113 3952 249 4012 Potuerunt
261 3951 412 4010 mortieiuiu
422 3963 553 4008 urromnt
567 3956 672 4003 tuorum
690 3958 763 4000 ures
776 3939 871 3997 uoluti·
925 3936 996 3994 rium
1011 3935 1076 4010 [lis.
1088 3935 1719 4012 custodiam]:posueruntmortaliaseruorunr
1782 3990 1788 3998 ·

85 4044 138 4102 tiu
147 4045 200 4102 ccli
211 4061 327 4103 :corner
341 4052 493 4101 sumtuum
510 4050 614 4100 tuemur
630 4037 717 4095 bestiis
729 4045 815 4092 terre.
925 4041 1033 4087 tuorum
1046 4043 1125 4087 escas
1142 4029 1298 4087 volatilibus
1313 4031 1384 4104 [lde.
1399 4035 1506 4108 escam]
1528 4041 1588 4097 coeti
1602 4060 1608 4099 :
1620 4057 1720 4104 aurnuns

923 4131 1080 4180 sanctorum
1094 4130 1200 4178 tuorum
1214 4122 1308 4180 bestiis
1324 4133 1415 4182 terras.

112 4227 259 4297 Effuderunt
280 4226 433 4300 ranpurncnr
455 4239 545 4280 earum
571 4230 700 4291 mustum
725 4202 820 4289 spuunt
840 4213 870 4270 in
960 4213 1123 4270 Effuderunt
1148 4213 1308 4286 sanguinem
1333 4231 1427 4274 curum
1455 4219 1720 4304 steutlttruetm]

84 4319 331 4380 &mutuantem
342 4337 350 4376 r
363 4327 388 4375 ct
399 4334 453 4376 uon
472 4324 529 4373 erm
538 4314 583 4387 qui
597 4309 725 4384 sepeliret.
922 4323 1020 4380 equum
1037 4309 1064 4364 in
1078 4306 1193 4366 circuitu
1202 4309 1355 4368 Jerusalem
1369 4355 1376 4382 ,
1392 4320 1422 4370 ct
1440 4329 1494 4372 nou
1509 4322 1626 4392 cratoni
1641 4337 1721 4396 supc-

922 4401 995 4458 litet.

111 4503 178 4562 suet
186 4522 277 4564 rentur
291 4501 459 4578 opprobrium
472 4499 563 4556 ricinis
575 4497 670 4554 nostris
681 4511 690 4550 .·
701 4490 868 4551 rudrunuutio
957 4492 1034 4548 Facti
1054 4507 1148 4550 sumus
1164 4494 1190 4550 in
1204 4497 1381 4567 opprobrium
1396 4499 1493 4560 uicinis
1507 4507 1608 4564 nostris
1625 4527 1631 4564 :
1645 4508 1659 4548 ὴ
1671 4461 1720 4570 de.¹

84 4599 192 4658 criticen
205 4599 304 4673 lurum
318 4599 346 4655 iu
360 4596 469 4654 circuitu
482 4603 570 4650 raostro
584 4586 685 4647 curent¹
922 4585 1009 4644 risum
1035 4593 1063 4644 et
1088 4595 1275 4660 contemptum
1300 4589 1343 4647 bis
1368 4594 1413 4665 quui
1439 4593 1467 4652 iu
1488 4599 1603 4656 circuitu
1624 4614 1719 4662 nostro

923 4687 997 4736 suut.

112 4841 124 4871 ¹
139 4832 277 4890 Parietinus
289 4845 342 4888 ms.
356 4829 392 4885 ln
405 4828 454 4898 iro,
471 4825 517 4898 qui
531 4831 559 4883 et
572 4818 647 4880 addit
660 4819 688 4878 in
710 4817 764 4876 line
777 4831 871 4874 uorsus
884 4817 912 4880 D
923 4815 981 4887 ipsc
990 4813 1192 4884 Patcrcpistola
1203 4815 1236 4872 ad
1247 4815 1377 4900 Sunuinm
1392 4836 1425 4877 cr
1439 4826 1598 4883 recensione
1608 4840 1719 4889 nostra:

87 4897 235 4977 brumum,
699 4933 703 4940 .
923 4887 953 4971 iu
979 4897 1062 4955 terra,
1075 4887 1290 4969 quant-lunulam
1304 4889 1330 4945 iu
1346 4893 1455 4958 secuta.
1469 4893 1522 4950 Pro
1532 4913 1582 4962 pun
1595 4901 1719 4969 scripturn

112 4975 125 5015 ¹·
142 4977 230 5049 ipsum
240 4975 286 5032 ubi
298 4971 460 5031 adverbium
472 4965 567 5025 codem
583 4963 689 5021 uidetur
699 4959 778 5019 obelo
789 4958 869 5030 jugu·
922 4961 1051 5014 rrrucuirre
1062 4959 1214 5041 cordurum
1229 4957 1257 5014 ln
1271 4969 1343 5017 terra
1356 4963 1478 5020 luuduuit
1491 4980 1550 5020 earu
1568 4970 1593 5022 iu
1607 4974 1717 5029 saecula.

84 5065 179 5124 tudun
193 5066 347 5140 :siqnidem
369 5064 398 5121 iu
421 5061 536 5120 liebraeo
554 5065 658 5114 tantum
681 5064 724 5113 est
742 5063 796 5142 pbr
812 5035 869 5112 b'tts
924 5028 959 5158 ἐξ
972 5029 1085 5161 Ῑὲἒηῗῖ
1103 5039 1141 5161 {3²⁵²
1150 5041 1364 5160 ‘gnfflve'fg
1395 5037 1513 5160 ’τ’ἑνυθνῖἶί
1532 5037 1718 5165 ’ςΨέἵΜῧῙΜῆ

84 5179 262 5238 tabernaculum
277 5178 412 5235 habitauit.
430 5175 518 5231 blinus
531 5179 621 5228 aulem
636 5170 708 5226 benc
729 5167 868 5254 Palatinus
924 5124 976 5229 utin
989 5140 1021 5228 de
1035 5125 1103 5228 ἔξω
1115 5123 1221 5239 obstrepis,
1238 5175 1307 5242 quod
1319 5125 1425 5244 {stridulo
1440 5129 1552 5245 roffi
1565 5125 1717 5253 detaggt'eg:

85 5264 127 5304 ms.
138 5265 164 5308 et
176 5252 388 5322 Carusprimam
408 5245 600 5317 subsequentis
608 5241 737 5298 uersiculi
752 5249 776 5294 et
785 5253 870 5312 copu·
923 5261 981 5316 pute
995 5244 1231 5316 fundatuuidentur
1242 5246 1268 5299 iu
1284 5255 1362 5310 teme,
1373 5251 1477 5315 probent
1491 5264 1523 5302 er
1543 5252 1672 5322 prioribus
1694 5271 1721 5315 et

85 5317 129 5376 lum
141 5339 205 5380 reru
240 5330 384 5380 rurrotsnt.
922 5315 1095 5386 renuentum,
1109 5319 1165 5386 quis
1177 5331 1265 5370 sutrrrr
1279 5315 1326 5384 sit,
1343 5325 1370 5370 ut
1383 5317 1468 5371 nescio
1491 5320 1555 5391 quid
1575 5326 1645 5394 qrrod
1668 5346 1720 5386 rrott

114 5405 124 5432 0
142 5395 170 5449 ln
183 5341 298 5450 Pervelim.
316 5407 369 5448 tus.
386 5389 421 5446 In
432 5391 509 5461 litum
523 5385 646 5443 Prolurur
661 5385 761 5455 trapa.
924 5387 1030 5450 dicitur.
1047 5387 1183 5458 fundabunt
1194 5385 1310 5440 ridentur
1320 5387 1346 5440 iu
1360 5395 1438 5443 terra.
1456 5388 1505 5444 Sin
1517 5401 1602 5449 nutcru
1614 5395 1719 5456 Sancti-

111 5461 125 5501 ⁴¹
140 5465 280 5538 Subiungit
293 5463 367 5520 idem
382 5479 435 5518 ms.
447 5459 612 5532 lliupsaluru.
631 5525 635 5531 .
925 5458 1014 5528 ficium
1025 5459 1051 5512 iu
1065 5467 1133 5510 terra
1144 5457 1281 5527 funduntur
1294 5465 1395 5526 putant,
1408 5461 1493 5516 debuit
1500 5465 1578 5519 sertor·
1589 5482 1598 5520 .·
1608 5467 1636 5524 in
1647 5479 1720 5530 torre
1786 5499 1797 5517 ·

114 5537 191 5592 ‘liu
209 5534 426 5603 veronensium
448 5530 533 5588 celum
556 5536 756 5602 procucurrerunt
787 5543 869 5594 eunt,
925 5528 1169 5586 iuudauitilludiu
1187 5527 1298 5582 saccula.
1638 5549 1648 5579 ι
1748 5526 1757 5538 “

86 5611 131 5660 tum
141 5609 214 5664 eride
230 5605 378 5678 penninis,
394 5615 476 5675 atque
487 5601 618 5664 iuferius,
639 5601 666 5653 iu
679 5615 729 5670 quo
741 5599 872 5654 irrlrubite·
963 5609 975 5648 ts
993 5599 1135 5655 lutterscrit
1149 5597 1281 5664 iniciatus.
1298 5597 1341 5652 lric
1352 5599 1412 5655 sibi.
1429 5601 1497 5660 Turru
1512 5605 1722 5686 transumpsi

85 5675 145 5731 titiu
156 5680 309 5734 leontinibus.
325 5675 360 5730 ttr
376 5675 484 5731 tradidit
500 5675 526 5728 in
544 5671 718 5744 captiuitatem
740 5671 873 5742 fortitudi-
925 5673 1006 5728 lacot
1020 5685 1119 5725 seruruu
1132 5685 1220 5732 suurnr,
1237 5675 1288 5723 ric.
1306 5665 1341 5722 Et
1354 5674 1436 5726 err-erit
1451 5691 1494 5728 eos
1516 5678 1543 5732 in
1558 5679 1722 5753 st'urplr'cr'ttrte

87 5761 133 5801 rem
146 5752 258 5822 ipsorum
273 5760 297 5805 ct
311 5747 533 5821 pulchritudinem
544 5760 643 5800 coruus.
926 5743 1012 5798 cordis
1027 5743 1077 5806 tui,
1093 5747 1116 5794 cl
1127 5739 1153 5794 iu
1163 5737 1293 5794 intellectu
1308 5757 1441 5812 rtruuuruu,
1456 5756 1510 5805 etc.

115 5817 124 5856 ¹
143 5820 216 5876 tuem
231 5836 294 5889 ms„
305 5821 370 5876 sicud
383 5822 536 5872 rruieoruunt
551 5815 729 5871 rorrctuurittm
741 5830 828 5878 suurn,
846 5814 874 5868 iu
964 5811 978 5850 ¹¹
998 5809 1165 5868 Veronensis
1180 5811 1284 5867 librarii
1306 5812 1411 5869 mundis
1432 5817 1536 5876 obstrue
1562 5836 1613 5877 ms,
1627 5825 1722 5880 (tempo

91 5900 138 5946 mc
155 5891 274 5966 [auderit
300 5907 360 5948 euru
378 5891 406 5946 iu
425 5900 562 5945 teteruuut.
586 5886 615 5944 lu
636 5901 718 5962 quotu
738 5886 828 5946 locutu
841 5883 873 5946 S·
929 5895 953 5945 el
968 5881 1181 5958 suboluullttiptd
1196 5882 1374 5960 dttbsttttttalt'o)
1393 5886 1432 5944 lu'r
1445 5889 1510 5958 spui,
1532 5901 1602 5958 ctc.;
1630 5897 1725 5956 subse·

218 5985 354 6049 Ptruot.
378 5980 504 6046 xxix.
1488 5979 1508 6038 ll
