4017 6334
245 294 299 356 osu
746 287 1385 370 s.tinuourtuorrrunntottornaor.
1825 311 1871 379 ιω

245 420 298 482 est,
315 417 344 468 ει
357 410 527 484 glorilleabat
548 413 642 472 [icum
656 413 837 487 Respondent
848 423 938 472 autem
952 412 1132 474 arciri-Alit
1153 411 1193 469 illi
1212 419 1368 470 tacuerunt.
1391 410 1453 486 lpse
1472 427 1543 470 vero
1567 417 1759 488 apprehensum
1780 433 1871 488 narratu

246 519 411 578 synagogus,
432 505 578 579 indignans
597 507 660 580 quia
678 507 794 565 sabbato
813 514 936 566 curasset
954 506 1046 577 lesus,
1099 520 1173 574 eum,
1190 520 1222 563 ac
1239 505 1353 566 dimisit.
1371 505 1405 563 Et
1420 507 1589 580 respondens
1604 507 1636 564 ad
1652 509 1713 568 illos
1727 515 1813 579 dixit:
1829 521 1871 578 cu.

248 598 356 657 dicebat
369 599 456 655 turbe
466 600 536 657 :Sex
548 601 607 658 dies
620 609 694 668 sont,
706 600 734 658 ln
748 600 847 674 quibus
862 610 970 674 oportet
983 614 1049 673 ope·
1097 598 1142 670 ius
1157 605 1279 654 restrum
1298 597 1393 654 asinus
1405 606 1452 655 aut
1466 597 1517 656 bos
1533 599 1559 655 in
1573 607 1682 672 puteum
1696 604 1778 676 cador,
1791 621 1815 670 et
1828 629 1871 672 nou

249 694 305 752 rari
322 713 328 750 :
344 696 371 750 in
386 695 507 767 biserga
522 695 624 763 venito,
641 705 669 754 et
681 696 814 753 curamini
829 713 837 753 ε
851 707 878 754 ει
893 712 947 754 non
961 697 990 752 in
1003 695 1049 753 die
1099 693 1231 750 continuo
1243 693 1370 750 extrahet
1384 692 1459 750 illum
1471 693 1515 754 die
1526 691 1650 753 sabbatii
1660 695 1752 756 Etmrn
1763 713 1874 778 poteraut

249 789 366 846 sabbati.
387 789 476 862 icari,
497 787 539 861 2]
556 789 733 861 Respondens
749 801 839 846 autom
854 789 887 844 ad
903 788 977 846 illum
992 788 1050 845 lio·
1101 787 1134 844 ad
1148 787 1206 849 baee
1218 787 1385 860 respondero
1398 788 1447 844 ilii.
1460 785 1600 862 loentum,
1615 788 1670 866 td]
1681 791 1784 864 liiccbat
1796 811 1873 857 autem

250 882 340 940 minus
359 882 429 938 dixit
445 901 452 938 :
468 881 632 956 Hypocritae,
654 884 835 955 unusquisque
849 891 972 941 restrum
985 881 1048 939 sab·
1101 891 1128 940 et
1147 882 1180 938 ad
1197 882 1324 940 inritatos
1339 881 1510 955 parabolam,
1531 882 1674 942 intendens
1689 892 1816 962 quomodo
1828 875 1875 968 nri.¹

251 977 314 1034 bato
328 992 382 1033 non
397 977 478 1033 soluit
491 975 588 1032 bovem
604 991 681 1032 suunr
696 987 741 1032 aut
756 978 861 1033 asinum
876 992 891 1034 a
905 980 1048 1050 presepio,
1101 992 1161 1034 mos
1175 976 1317 1034 accubitos
1331 976 1477 1051 eligerent,
1493 976 1586 1058 dicens
1599 979 1632 1034 ad
1648 979 1707 1036 illos
1720 999 1727 1037 :
1742 981 1802 1039 Corn
1816 985 1874 1044 iuui-

250 1081 278 1130 et
290 1071 364 1127 ducit
376 1070 530 1142 adaquare?
546 1070 621 1126 lianc
631 1079 720 1127 autern
734 1071 816 1126 liliam
831 1071 955 1140 lbralre,
969 1085 1051 1144 quarm
1102 1076 1173 1130 tutus
1185 1069 1270 1127 irreris
1281 1069 1314 1126 ad
1326 1071 1444 1142 nuptias,
1456 1085 1511 1126 non
1523 1070 1677 1128 discumbas
1687 1073 1712 1129 in
1724 1075 1875 1151 primulum,

251 1163 373 1236 alligavit
394 1165 523 1232 Satanae
545 1179 609 1220 ecce
629 1165 723 1221 decom
745 1172 774 1221 et
796 1177 857 1220 octo
879 1165 974 1233 annis,
995 1179 1049 1220 non
1102 1178 1137 1219 ne
1152 1161 1222 1220 iorte
1238 1161 1398 1221 honoratior
1409 1171 1435 1219 ιε
1445 1164 1480 1220 sit
1491 1165 1623 1222 inritatus
1633 1164 1666 1221 ab
1676 1166 1770 1236 illo;ct
1780 1171 1877 1228 leniens

251 1259 372 1338 oportuit
386 1255 454 1312 solui
469 1271 483 1312 a
500 1255 609 1314 viuculo
622 1258 674 1313 isto
687 1257 731 1313 die
742 1256 867 1314 sabbatii
877 1255 981 1332 [curru
993 1253 1051 1332 td]
1103 1256 1137 1327 is,
1150 1258 1196 1330 qui
1207 1265 1233 1314 ιε
1243 1265 1272 1314 ει
1282 1256 1359 1312 illum
1370 1257 1487 1329 vocavit,
1499 1257 1572 1316 dicat
1584 1258 1632 1315 tibi
1647 1276 1653 1313 :
1669 1257 1702 1313 lia
1715 1257 1876 1334 liticinum:

252 1349 361 1406 Etcum
376 1349 562 1422 deodiceret,
579 1351 777 1408 erubescebant
792 1367 888 1408 omues
903 1351 1052 1413 aduersarii
1102 1358 1130 1409 et
1148 1361 1214 1410 tunc
1233 1349 1346 1423 incipias
1368 1367 1430 1409 cum
1446 1351 1546 1410 rubore
1563 1351 1738 1409 novissimum
1751 1353 1833 1410 ilicum
1846 1363 1878 1412 le-

251 1441 310 1515 ejus
329 1460 336 1499 :
354 1452 382 1500 ot
397 1444 486 1499 omnis
499 1445 616 1516 populos
636 1444 772 1518 gaudebat
785 1447 812 1502 in
829 1446 976 1515 uniuersis,
992 1461 1052 1518 que
1104 1461 1179 1503 nere.
1193 1442 1247 1503 Sed
1264 1460 1325 1502 cum
1340 1454 1453 1503 vocatus
1467 1446 1562 1518 iueris,
1578 1446 1658 1516 uado,
1672 1448 1793 1504 recumbe
1803 1451 1826 1508 iu
1834 1464 1877 1508 uo·

251 1538 369 1609 gloriose
384 1537 483 1594 llebant
499 1538 532 1594 ab
547 1552 590 1594 eo.
602 1537 714 1612 lenivit,
730 1537 771 1612 2.]
783 1537 894 1595 iiicobat
907 1544 991 1612 ergo':
1003 1536 1051 1594 Cui
1104 1537 1217 1599 nissimo
1231 1539 1293 1596 loco
1310 1558 1317 1595 ε
1334 1548 1374 1612 ut,
1392 1541 1573 1598 cumvenerit
1588 1541 1634 1616 qui
1649 1546 1675 1598 te
1685 1539 1809 1612 inritavit,
1819 1543 1879 1600 dicat

251 1629 342 1686 simile
353 1637 396 1686 est
410 1645 524 1702 rognum
540 1631 600 1700 liei,
618 1642 646 1686 ct
660 1633 703 1686 cui
716 1631 805 1690 simile
815 1631 956 1689 aestimabo
968 1631 1053 1688 illudi
1105 1633 1153 1690 tibi
1170 1652 1178 1690 ε
1194 1632 1301 1702 Amice,
1315 1633 1435 1692 ascende
1450 1635 1586 1708 euporius.
1602 1633 1677 1690 Tunc
1690 1634 1739 1691 erit
1754 1635 1796 1690 tibi
1808 1635 1879 1710 gloria

251 1724 347 1782 Simile
362 1734 403 1781 ost
417 1740 503 1797 grano
516 1726 630 1798 sinapis,
644 1725 715 1798 quod
729 1733 871 1802 acceptum
886 1727 968 1781 lronro
979 1726 1053 1782 misit
1104 1742 1196 1784 coram
1210 1725 1291 1784 simul
1303 1726 1538 1786 discumbentibus
1553 1743 1560 1784 :
1575 1725 1695 1802 [ccxxrx,
1712 1727 1751 1802 5.]
1764 1729 1819 1802 utria
1831 1743 1878 1786 onr-

254 1820 284 1876 in
300 1821 407 1875 lrorturu
422 1833 512 1887 sutum,
528 1829 554 1876 et
567 1820 664 1887 creuit,
680 1829 708 1876 et
721 1820 821 1876 iactum
833 1830 874 1895 est
888 1820 914 1876 in
926 1805 1051 1885 arborem
1067 1816 1147 1886 linis
1160 1817 1207 1893 qni
1221 1834 1251 1876 so
1265 1819 1376 1890 exaltat,
1393 1817 1578 1876 humiliabitur
1593 1837 1601 1875 ε
1619 1828 1647 1875 ει
1662 1821 1706 1890 qui
1721 1833 1750 1878 se
1764 1817 1879 1890 hurniliat,

256 1929 380 1986 magnam
406 1931 413 1971 τ
439 1923 465 1972 ει
486 1899 613 1972 rolu'crcs
633 1915 694 1971 cmii
715 1915 911 1988 requieverunt
925 1915 952 1970 in
970 1915 1054 1972 ramis
1105 1912 1283 1972 exaltabitur.
1300 1911 1409 1988 [ctxnx,
1426 1911 1483 1986 lli]
1496 1911 1611 1970 Dicebat
1625 1921 1717 1972 autem
1730 1915 1883 1991 etei,quiso

253 2009 324 2082 ejus.
342 2008 474 2084 [cxxvttn
490 2008 531 2081 5.]
547 2009 579 2062 Et
595 2011 693 2066 iterum
708 2007 776 2065 dixit
792 2027 798 2063 ε
813 2005 862 2065 (Ῑυί
878 2007 967 2069 simile
982 2009 1056 2066 aesti-
1106 2009 1268 2066 incitaterat
1290 2027 1296 2062 ι
1318 2007 1386 2064 Cum
1401 2007 1467 2066 iacis
1481 2007 1640 2079 prandium,
1655 2019 1700 2064 ant
1716 2023 1823 2076 coenam,
1836 2009 1882 2074 noli

258 2088 339 2158 molto
355 2115 468 2174 regnum
483 2101 551 2156 [teil
564 2101 659 2158 Simile
673 2109 715 2158 cst
728 2100 872 2176 lormeulo,
889 2100 961 2172 quod
976 2116 1056 2159 acce·
1107 2118 1207 2159 vocare
1226 2103 1328 2158 amicos
1349 2111 1420 2174 tuos,
1442 2117 1530 2178 neque
1552 2101 1650 2166 iratres
1667 2112 1738 2171 tuos,
1754 2116 1831 2176 neque
1843 2114 1882 2156 to·

254 2205 330 2268 ptum
350 2196 449 2257 mulier
468 2194 611 2252 abscondit
632 2195 659 2252 in
681 2196 775 2252 iarinac
797 2204 854 2252 sata
876 2198 946 2267 tria,
968 2197 1056 2254 donee
1105 2205 1212 2270 gnatos,
1224 2210 1312 2270 neque
1323 2181 1437 2264 cicinnos,
1448 2195 1558 2268 diuites,
1571 2210 1604 2252 ne
1616 2195 1687 2252 iorte
1698 2205 1724 2253 ιε
1734 2200 1759 2250 ει
1770 2192 1813 2266 ipsi
1822 2192 1883 2248 reln-

255 2289 467 2347 tormentaretur
482 2298 579 2346 totum.
596 2289 696 2365 [ctxrx,
707 2287 748 2362 2]
760 2291 794 2346 Et
808 2290 863 2346 ibat
874 2289 1056 2362 percivitates
1106 2289 1203 2362 vitent,
1221 2297 1248 2346 et
1269 2287 1315 2344 suu
1331 2289 1378 2346 tibi
1399 2286 1551 2344 retributio.
1568 2287 1624 2344 Sed
1639 2303 1701 2344 cum
1716 2286 1794 2342 iacies
1807 2281 1885 2341 couri·

255 2394 282 2440 et
304 2384 435 2453 castella,
458 2383 580 2462 docens,
601 2393 629 2439 et
648 2383 700 2439 iter
722 2382 826 2441 iaciens
848 2384 874 2441 in
892 2383 1054 2442 Jerusalem.
1107 2381 1193 2454 rium,
1210 2395 1276 2438 roca
1292 2395 1434 2456 pauperos,
1451 2379 1565 2446 debiles,
1581 2379 1706 2447 claudos,
1720 2387 1746 2436 et
1758 2381 1885 2444 cacos:et

257 2478 350 2551 locst,
367 2475 408 2550 5.]
423 2476 468 2533 Ait
484 2486 574 2534 nutem
597 2476 635 2534 illi
650 2478 758 2550 quidam
775 2495 783 2534 ι
798 2479 924 2547 Domine,
940 2479 962 2535 si
979 2479 1057 2551 panici
1109 2477 1204 2534 beatus
1224 2475 1289 2543 eris,
1303 2476 1365 2548 quia
1380 2489 1433 2528 uon
1450 2472 1551 2529 babent
1571 2473 1725 2530 retribuere
1740 2469 1784 2526 tibi
1799 2487 1805 2524 :
1820 2465 1884 2524 retri-

257 2582 331 2642 sunt,
346 2573 391 2647 qui
408 2573 564 2629 salvantur?
578 2573 640 2646 lpse
654 2583 744 2629 autem
758 2574 826 2630 dixit
840 2574 873 2629 ad
886 2576 946 2634 illos
961 2593 968 2629 :
982 2573 1057 2630 Cou-
1107 2571 1206 2642 buetur
1228 2567 1301 2625 enim
1326 2567 1374 2624 tibi
1397 2567 1424 2622 in
1448 2567 1653 2627 resurrectione
1675 2565 1813 2639 iustumn-
1834 2561 1886 2616 llaet

258 2663 362 2720 tendite
370 2665 473 2724 intrare
483 2679 532 2738 per
542 2673 685 2736 angustam
698 2672 802 2738 portam
812 2664 887 2742 :quia
899 2663 986 2735 multi,
996 2664 1059 2722 dico
1109 2681 1170 2723 cum
1182 2663 1303 2720 audisset
1318 2663 1426 2736 quidam
1442 2663 1476 2720 de
1490 2663 1569 2719 simul
1583 2659 1820 2724 discumbentibus,
1832 2655 1888 2714 dixit

256 2759 345 2828 rubis,
361 2767 484 2835 qrucreut
497 2757 610 2828 intrare,
625 2768 652 2814 ει
675 2773 728 2814 non
750 2766 886 2831 poterunt.
900 2757 1000 2832 learnt,
1018 2740 1058 2839 5.]
1108 2756 1147 2814 illi
1164 2776 1171 2814 :
1188 2757 1299 2828 Beatus,
1319 2758 1364 2830 qni
1386 2757 1561 2815 manducabit
1579 2771 1678 2829 panem
1699 2757 1725 2812 in
1744 2767 1821 2825 regno
1840 2748 1887 2806 liei.

259 2849 326 2908 Cum
352 2863 443 2908 autem
470 2851 612 2908 intraverit
638 2851 852 2923 nater-lamium,
876 2862 904 2909 ει
930 2853 1061 2910 clauserit
1111 2851 1229 2927 lemur,
1243 2847 1284 2931 5.]
1298 2851 1334 2908 tr
1348 2852 1406 2926 ipse
1419 2849 1487 2924 dixit
1500 2851 1525 2908 ei
1539 2868 1545 2904 :
1560 2849 1647 2906 llomo
1661 2848 1767 2924 quidam
1779 2843 1888 2902 iccirco·

258 2946 371 3014 ostium,
392 2947 526 3020 incipietis
547 2947 613 3004 ioris
626 2956 711 3014 stare,
726 2955 754 3004 et
767 2945 876 3027 pulsare
890 2948 1002 3016 ostium,
1020 2947 1060 3008 di·
1111 2960 1174 3004 nanu
1195 2959 1331 3021 magnam,
1354 2953 1382 3001 et
1399 2945 1509 3001 uocauit
1531 2944 1645 3000 multos.
1663 2939 1699 3000 Et
1712 2941 1780 3003 misit
1795 2951 1888 2996 sermm

260 3053 353 3099 centes
369 3058 377 3097 a
392 3042 515 3108 liomine,
527 3041 602 3113 apori
615 3041 705 3113 nobis,
717 3051 744 3098 et
753 3040 921 3112 respondens
931 3041 1001 3098 dicct
1013 3057 1062 3097 ro·
1112 3056 1189 3116 suoru
1211 3041 1278 3096 bora
1296 3054 1381 3098 coenae
1394 3039 1485 3096 dicere
1501 3038 1633 3111 inritatis,
1650 3046 1679 3095 ut
1698 3038 1824 3104 renitent,
1837 3029 1889 3105 cruia

260 3137 302 3195 bis
319 3152 325 3190 τ
341 3136 439 3191 lie-cio
454 3151 502 3192 ros
517 3135 589 3190 undo
607 3134 666 3191 sitis
687 3154 694 3192 ι
712 3145 774 3190 tunc
793 3133 928 3207 incipietis
943 3134 1057 3193 dicere:
1111 3135 1166 3206 jam
1191 3144 1284 3208 parata
1304 3144 1367 3190 corut
1390 3136 1492 3190 omnia.
1510 3133 1545 3191 Et
1565 3142 1707 3210 coeperunt
1722 3130 1797 3187 sirnnl
1810 3139 1889 3183 omncs

261 3229 486 3288 ilarulucariruus
506 3242 598 3282 coram
619 3236 656 3296 te,
674 3236 702 3282 ει
725 3226 854 3294 bibimus,
871 3236 898 3282 ct
917 3227 943 3282 in
964 3225 1061 3298 plateis
1074 3217 1098 3290 C
1113 3244 1254 3286 excusare.
1275 3227 1382 3305 l‘rlmus
1399 3228 1470 3284 dixit
1487 3229 1511 3283 oi
1534 3245 1542 3284 :
1564 3227 1664 3285 llillam
1680 3225 1743 3294 emi,
1756 3233 1782 3280 ct
1795 3231 1891 3277 necesso

263 3324 364 3380 nostris
387 3319 514 3377 docuisti.
538 3321 571 3375 Ει
592 3319 663 3377 dicet
684 3319 762 3374 urbis
784 3337 791 3374 ε
814 3317 910 3378 Nescio
925 3332 973 3374 ros
987 3318 1061 3395 ¹unde
1111 3321 1199 3382 babeo
1216 3323 1304 3399 exire,
1318 3332 1346 3378 ει
1367 3320 1460 3377 videre
1476 3321 1548 3376 illam
1564 3339 1570 3376 :
1588 3336 1656 3393 rogo
1672 3330 1707 3388 te,
1721 3317 1788 3374 lralre
1800 3327 1891 3370 mccx·

261 3418 321 3474 sitis
339 3435 345 3470 :
362 3416 494 3474 discedito
509 3432 522 3470 a
537 3430 592 3486 me,
607 3431 704 3472 omncs
716 3416 832 3486 inperarii
849 3415 1008 3499 iniquitatis.
1022 3413 1061 3470 lbi
1111 3425 1244 3473 casatum.
1260 3413 1292 3468 Et
1307 3411 1376 3470 alter
1389 3411 1458 3470 dixit
1473 3425 1480 3466 t
1494 3409 1561 3483 luga
1577 3410 1659 3466 boum
1674 3409 1728 3467 emi
1739 3407 1856 3481 quintili,
1866 3407 1889 3454 tl

169 3583 172 3588 ι
262 3517 314 3574 erit
329 3515 418 3586 lletns,
437 3524 465 3572 ct
481 3515 582 3573 stridor
598 3514 719 3574 dentium
736 3514 870 3592 :lctxxru
891 3513 931 3590 5.l
945 3531 1006 3589 cunr
1022 3517 1063 3572 ri·
1112 3522 1144 3566 eo
1163 3505 1280 3580 probare
1298 3505 1343 3562 illa
1364 3521 1372 3562 :
1394 3519 1458 3576 rogo
1480 3513 1516 3574 te,
1536 3502 1604 3560 lrabe
1625 3519 1669 3559 mo
1688 3506 1853 3598 excusatum-⁵
1865 3491 1893 3546 Εῑ

262 3609 358 3682 deritis
371 3610 521 3682 dirutum,
540 3619 567 3666 ot
586 3611 672 3678 isaac,
689 3619 717 3670 et
736 3609 831 3680 Jacob,
847 3621 874 3670 ct
888 3594 984 3671 omnes
1000 3627 1063 3684 rrro·
1112 3603 1179 3660 tilius
1191 3600 1278 3659 dixit:
1293 3600 1410 3658 Uxorem
1421 3595 1496 3678 (itti,
1508 3609 1535 3655 ct
1546 3597 1607 3654 ideo
1619 3613 1673 3662 nott
1685 3608 1789 3683 possum
1801 3599 1893 3646 ltili·

263 3703 359 3776 plretas
373 3704 400 3760 in
415 3718 499 3776 regno
514 3703 569 3771 liei,
585 3713 738 3762 vosautem
756 3705 855 3776 expelli
870 3705 952 3769 lotas.
968 3693 1002 3770 Ei
1016 3720 1064 3762 re·
1114 3695 1149 3754 El
1163 3709 1289 3771 titilius
1301 3707 1400 3750 Stilus
1415 3691 1549 3750 nuntiarit
1563 3691 1620 3748 ¹¹aess
1634 3691 1747 3748 d⁰ffl¹ss⁰
1761 3700 1816 3742 ⁸¹¹⁰·
1831 3680 1894 3737 T¹¹¹¹⁰

263 3797 340 3854 nient
351 3795 385 3850 an
397 3796 513 3866 oriente,
530 3803 557 3852 et
569 3795 722 3865 occidente,
733 3805 761 3853 et
770 3798 909 3869 aquilone,
921 3807 948 3856 et
958 3806 1062 3867 austro.
1115 3792 1200 3879 iratus
1214 3788 1419 3867 paterfamilias,
1432 3787 1499 3844 dixit
1515 3801 1595 3844 serto
1606 3801 1658 3844 suo
1672 3805 1679 3843 ε
1691 3781 1740 3842 Eti
1753 3781 1803 3836 ctu
1814 3777 1838 3832 in
1849 3772 1897 3846 pla·

263 3900 291 3948 et
305 3889 464 3946 accumbent
479 3889 505 3946 in
521 3905 604 3965 regno
620 3889 680 3947 liei.
693 3889 819 3966 [ccxxrru
831 3889 871 3966 2]
882 3890 915 3970 Et
925 3907 989 3950 ecee
1000 3899 1065 3954 sunt
1115 3893 1171 3960 teas
1182 3872 1293 3940 et'ricos
1304 3881 1422 3938 civitatis
1435 3897 1443 3937 ι
1456 3888 1484 3936 ει
1495 3895 1640 3955 pauperes,
1653 3894 1685 3935 ac
1695 3873 1807 3939 debiles,
1818 3878 1843 3925 ει
1850 3879 1896 3972 εει·

265 3986 404 4044 notissimi
422 3987 465 4057 qui
488 3995 569 4042 eruut
587 3987 677 4058 primi,
693 3996 721 4044 et
735 3996 799 4046 sunt
812 3987 902 4058 primi,
918 3986 966 4060 qui
984 3993 1066 4046 eruut
1115 3991 1174 4047 coa,
1184 3985 1212 4034 ει
1223 3973 1338 4032 claudos
1351 3973 1475 4030 introduc
1488 3972 1551 4030 lruc.
1567 3971 1600 4028 lit
1611 3973 1648 4027 ait
1661 3983 1771 4028 servus:
1788 3965 1896 4060 liniunt.

265 4078 417 4147 novissimi.
432 4080 556 4154 iclxxiv,
573 4077 630 4152 lo]
642 4077 671 4134 lu
685 4079 743 4151 ipsa
757 4080 802 4138 die
816 4093 995 4148 accesserunt
1005 4081 1066 4153 qut.
1115 4068 1214 4125 luctum
1235 4076 1277 4124 est
1298 4076 1327 4122 ut
1348 4065 1496 4138 imperasti,
1519 4072 1548 4122 ει
1567 4065 1656 4123 adbuc
1673 4063 1748 4118 locus
1762 4067 1810 4115 est.
1826 4055 1854 4115 tt
1867 4055 1899 4104 ttl

206 4210 216 4232 r
265 4171 327 4226 drm
343 4157 550 4242 phariseorum,
565 4169 688 4227 dicentes
703 4169 740 4226 llll
756 4189 763 4227 ε
779 4171 840 4242 Exi,
856 4179 885 4231 et
900 4170 969 4228 rade
979 4169 1064 4238 lrinc;
1116 4161 1243 4237 dominus
1263 4174 1342 4236 servo
1365 4176 1370 4214 :
1392 4158 1442 4215 Exi
1454 4158 1481 4216 iu
1506 4159 1573 4227 rias,
1586 4167 1612 4214 el
1626 4171 1706 4230 sepes
1721 4173 1727 4210 :
1742 4162 1768 4210 et
1781 4141 1899 4248 compelli

265 4265 328 4340 quta
348 4264 470 4333 tterodes
485 4264 546 4319 untr
563 4273 590 4321 re
609 4262 748 4321 occidere.
769 4263 805 4320 tir
822 4262 861 4327 ait
882 4263 934 4322 iltis
951 4281 958 4321 z
974 4264 1024 4330 tre,
1040 4273 1068 4323 et
1117 4255 1232 4338 intrare,
1248 4261 1278 4310 tt
1291 4253 1438 4327 inpleatur
1450 4251 1547 4308 donus
1562 4267 1636 4311 mea.
1649 4251 1812 4307 tiicoautent
1823 4239 1897 4308 notus,

266 4355 350 4418 dicite
370 4355 444 4428 vulpi
464 4355 501 4410 iili
523 4372 532 4412 ι
552 4355 623 4412 Εεεε
645 4354 725 4426 ejicio
742 4354 881 4433 ¹daemonia
894 4364 922 4412 ει
935 4355 1067 4413 sanitates
1118 4349 1189 4428 quod
1204 4363 1285 4409 nemo
1300 4348 1419 4404 virorum
1434 4345 1554 4414 illorum,
1570 4346 1616 4420 qui
1631 4342 1720 4403 vocati
1734 4347 1805 4406 snrrt,
1820 4339 1901 4411 gustu·

266 4447 377 4521 noilleio
397 4446 479 4504 bodie
493 4457 521 4504 ει
534 4463 606 4518 cras,
621 4454 649 4504 ct
664 4447 742 4504 tertia
753 4447 799 4523 ⁴dle
814 4463 998 4510 consummor.
1012 4448 1068 4507 Ve-
1118 4443 1158 4502 bit
1178 4457 1283 4520 omnam
1305 4457 1404 4520 micam.
1419 4438 1551 4514 [ccxxxrn
1574 4437 1614 4512 5.]
1630 4437 1708 4496 lbaut
1726 4445 1814 4490 aurem
1827 4424 1901 4526 tunna

267 4550 422 4598 rnmtamen
442 4547 549 4612 oportet
563 4555 605 4596 me
620 4539 701 4597 laodic
720 4549 749 4598 et
768 4555 830 4597 oras
844 4549 872 4600 et
885 4545 1008 4619 sequenti
1024 4541 1068 4618 die
1120 4537 1214 4594 multae
1224 4551 1286 4594 cum
1306 4551 1339 4592 eo
1359 4551 1367 4589 t
1387 4543 1416 4591 et
1428 4545 1576 4593 conversus
1591 4529 1660 4588 dixit
1672 4527 1705 4586 ad
1720 4527 1781 4584 illos
1795 4542 1800 4576 :
1812 4520 1838 4579 Si
1850 4529 1901 4589 otti

266 4636 406 4693 ambulare
426 4652 435 4692 ι
456 4635 518 4708 quia
541 4649 596 4692 non
618 4635 692 4721 capit
704 4633 868 4710 Proptretaur
884 4636 975 4711 perire
990 4644 1067 4698 extra
1082 4607 1195 4689 Drenit
1214 4631 1246 4688 ad
1268 4645 1323 4699 rue,
1340 4639 1366 4687 et
1381 4643 1435 4687 non
1450 4627 1508 4685 odit
1520 4636 1627 4700 patrem
1641 4637 1732 4690 suurn,
1749 4629 1776 4676 ει
1789 4623 1900 4675 matrem,

266 4725 430 4786 Jerusalem.
446 4727 562 4802 loanni,
584 4724 624 4799 5.]
639 4726 802 4797 ierusalem,
824 4725 988 4797 Jerusalem,
1008 4743 1069 4802 que
1121 4736 1282 4794 etuxorenr,
1297 4722 1583 4791 continuationes,
1600 4728 1627 4778 et
1637 4733 1755 4788 sorores,
1769 4711 1851 4770 adito
1863 4717 1902 4760 tt·

267 4820 370 4885 occidis
391 4821 549 4898 propbetas,
568 4831 596 4878 ει
615 4823 723 4895 lapidas
743 4838 803 4892 eos,
818 4825 863 4897 qui
880 4824 1023 4880 mittuntur
1035 4819 1070 4886 ad
1122 4831 1176 4880 tem
1192 4830 1221 4878 et
1233 4819 1350 4900 animam
1364 4835 1452 4888 suano,
1469 4833 1522 4874 non
1536 4825 1628 4890 potest
1642 4827 1719 4870 mons
1733 4824 1791 4868 esse
1801 4802 1904 4874 discipu·

269 4925 309 4986 ιε,
324 4915 432 4991 quoties
450 4914 524 4978 volui
539 4930 706 4988 congregare
721 4916 791 4981 lilios
805 4926 877 4982 tuos,
893 4917 1070 4989 quemadmo·
1121 4915 1175 4972 lus.
1196 4913 1289 4987 Ecqui
1304 4928 1358 4969 non
1380 4911 1484 4984 bajulat
1496 4925 1604 4969 crucem
1620 4922 1709 4974 suam,
1728 4913 1754 4961 et
1770 4900 1840 4958 uenit
1853 4897 1905 4968 uoti

269 5011 334 5068 dum
349 5011 409 5068 avis
424 5009 517 5068 nidum
532 5025 612 5068 suurn
625 5010 676 5066 sub
689 5010 797 5082 pennis,
812 5020 840 5066 ct
854 5009 984 5079 noluisti?
999 5008 1072 5066 Ecce
1124 5026 1178 5082 me,
1195 5025 1250 5066 non
1263 5015 1353 5085 potest
1367 5021 1445 5073 meus
1458 5020 1519 5063 esse
1533 5003 1696 5076 discipulus.
1712 5001 1846 5078 [ccxxrnn
1856 4982 1905 5074 ill]

269 5107 440 5180 relinquetur
456 5107 535 5164 robis
550 5106 646 5162 domus
661 5115 750 5164 restra
765 5104 882 5163 deserta.
898 5105 965 5162 Dico
977 5111 1070 5162 auteur
1126 5105 1191 5184 Quis
1210 5105 1283 5161 enim
1302 5118 1336 5171 ex
1357 5099 1433 5158 vobis
1452 5097 1547 5178 rolens
1568 5096 1665 5174 turrim
1688 5091 1839 5156 aedificare,
1859 5094 1904 5140 non

270 5204 360 5274 tobis,
371 5205 434 5276 quia
459 5219 514 5260 non
535 5202 662 5258 ridebitis
678 5217 732 5271 me,
749 5200 835 5266 donec
850 5202 941 5259 ueniat
955 5217 1016 5259 cum
1032 5201 1075 5258 di·
1126 5201 1201 5274 priua
1214 5197 1313 5258 sedens
1324 5201 1463 5280 computat
1476 5201 1613 5264 sumptus,
1625 5191 1670 5262 qrri
1687 5181 1904 5276 necessarimm,

226 5317 232 5327 ·
271 5296 339 5354 cetis
355 5311 363 5348 a
376 5294 552 5362 Benedictus,
568 5295 613 5368 qui
627 5294 702 5352 uenit
714 5293 742 5352 iu
757 5294 868 5355 nornine
879 5293 999 5368 Domini.
1125 5297 1148 5356 si
1162 5294 1261 5354 lrabeat
1275 5291 1308 5349 ad
1323 5287 1533 5368 perficiendum
1549 5301 1595 5356 ne,
1611 5293 1786 5358 posteaquam
1801 5271 1907 5370 posuerit

271 5394 291 5450 i,
309 5385 386 5465 [Cap.
400 5388 471 5447 litt.
484 5405 591 5455 cxxxvi,
604 5387 661 5462 td]
673 5387 819 5449 Etlactum
831 5399 872 5456 est
882 5403 944 5449 caru
956 5387 1075 5452 intraret
1126 5387 1344 5454 tundamentum,
1360 5395 1387 5448 et
1406 5397 1461 5440 non
1475 5379 1596 5467 potuerit
1610 5379 1751 5452 perlicere,
1767 5382 1854 5426 omntt
1867 5375 1906 5434 qm

273 5481 354 5540 lesus
376 5482 404 5538 in
423 5483 534 5539 domum
556 5484 700 5557 cujusdam
721 5486 855 5556 principis
874 5484 1073 5555 utrarisaeorurn
1126 5482 1220 5541 rident
1238 5477 1368 5550 incipiant
1379 5475 1495 5533 illudere
1507 5472 1677 5541 ei,diccntos
1690 5486 1697 5523 ²
1710 5464 1775 5536 eria
1786 5461 1827 5518 ¹¹1⁰
1836 5457 1906 5555 ΜΨ

272 5575 1074 5650 sabbatomanducarenarrem,etipsiobserrabanteum.
1126 5554 1907 5649 omptraeoitenre,ernonpotuitconsummtttlbtltl¹³

272 5669 309 5728 Et
324 5683 390 5727 εεεε
412 5669 496 5727 bomo
513 5670 625 5744 quidam
645 5671 815 5744 hydropicus
833 5683 891 5729 erat
908 5679 972 5730 ante
987 5671 1074 5731 illum.
1127 5687 1174 5731 ren
1188 5671 1277 5727 iturus
1286 5665 1458 5747 committere
1469 5663 1572 5720 betium
1583 5659 1715 5718 advorsus
1726 5653 1805 5710 aium
1817 5653 1906 5746 leitila

276 5765 405 5842 [terrun.
419 5763 460 5838 2.]
475 5765 510 5822 Ει
524 5767 697 5845 respondens
708 5767 791 5826 lesus
803 5768 872 5836 dixit
885 5769 919 5826 ad
934 5755 1078 5853 legisperi‘-
1127 5781 1182 5824 nou
1197 5762 1295 5823 sedent
1312 5758 1388 5832 prius
1402 5755 1513 5831 cogitat,
1525 5756 1547 5812 si
1559 5752 1644 5827 possit
1657 5763 1720 5807 cunr
1730 5745 1825 5853 ¹decent
1839 5729 1909 5844 nuill-

276 5871 331 5932 tos,
348 5869 378 5928 ct
395 5857 560 5932 obmisoeoe.
574 5859 693 5918 dicens:
709 5861 739 5920 Si
752 5863 819 5931 iicet
831 5861 945 5932 snbbrto
958 5863 1077 5926 curaret
1127 5861 1179 5925 bna
1200 5869 1347 5930 occurrere
1364 5855 1402 5928 ei.
1415 5851 1462 5932 otri
1477 5865 1541 5934 ,9⁰¹⁰
1561 5845 1654 5932 tibiali
1667 5839 1787 5907 millibus
1800 5819 1908 5906 ,autad
