4017 6334
93 332 141 392 bb)

93 520 266 603 celsiperandi
288 523 376 594 pratia
398 537 483 594 repens
506 520 588 590 adiit,
610 529 634 574 et
656 519 765 578 deducit
787 539 805 576 a
830 537 891 576 scn-

94 605 172 650 teatsa
184 609 195 648 .·

128 665 162 718 Et
177 664 331 721 iicnclunm
343 664 447 737 quidem
457 665 589 720 uniuersae
599 663 708 718 malitia
717 679 791 718 reum
805 664 894 720 crimi-

93 738 167 794 nibus
179 735 295 792 absoluit
310 737 437 793 :miseros
447 745 545 804 uectem,
557 737 611 809 pui,
626 736 729 792 otiumsi
741 735 815 804 apud
826 736 893 807 Sup-

93 811 148 865 tbus
172 824 283 866 causam
309 809 448 876 duxissent,
464 810 616 866 innocentes
632 807 829 880 judicarentur,
844 807 895 864 isus

92 889 174 936 morte
186 880 334 938 damnauit.

124 950 183 1007 Cito
196 969 260 1026 erpo
275 953 403 1026 injustam
420 968 523 1036 pomum
544 951 686 1017 dederunt,
709 952 756 1023 pui
770 966 817 1021 pro
830 951 894 1006 ciri·

94 1033 152 1088 tute,
164 1033 188 1078 et
197 1024 309 1096 populo,
321 1033 346 1082 et
357 1041 439 1080 sacrus
449 1025 518 1080 uasis
529 1041 635 1080 causam
646 1023 775 1093 prouocanti
784 1031 857 1078 suat.

127 1095 327 1162 Quamobrem
342 1094 418 1167 Tprii
432 1112 533 1168 puopne
542 1095 684 1168 indtpaati,
699 1111 762 1168 erpa
777 1094 895 1164 sepultu-

94 1183 148 1222 rum
163 1184 253 1223 corum
268 1167 447 1223 liberalissimi
460 1169 625 1224 exstiterunt.

126 1238 267 1296 llendaus
288 1249 389 1306 autem,
410 1248 518 1314 propter
541 1256 642 1306 eorunm,
657 1239 701 1310 pui
724 1239 753 1294 in
779 1239 895 1308 potentia

93 1320 175 1378 erunt,
190 1314 344 1380 auaritiam,
359 1311 527 1382 permanebat
542 1311 569 1366 in
584 1319 723 1383 potestate,
741 1311 895 1368 crescensin

94 1385 193 1443 mulitia
207 1385 243 1440 ad
256 1383 370 1442 insidias
384 1383 494 1443 ciuium.

411 1519 528 1581 CAPUT
551 1521 584 1578 V.

128 1658 231 1716 Eodem
251 1667 369 1732 ternpore
393 1659 536 1718 Antiocltns
550 1659 688 1716 secundum
704 1660 895 1732 prosectionem

97 1732 196 1803 parauit
207 1733 236 1788 in
252 1731 411 1804 AEppptum.

126 1803 243 1876 Contipit
257 1815 345 1859 autem
356 1820 402 1874 per
415 1805 561 1861 uniuersum
570 1803 793 1876 ierosolymorum
804 1804 895 1860 cinito·

97 1888 142 1933 tem
153 1875 240 1930 uideri
255 1875 345 1930 diebus
361 1874 537 1948 quadrapinta
549 1893 594 1948 pcr
608 1894 670 1932 autu
684 1877 780 1946 equitas
792 1874 893 1930 discur-

95 1957 185 2014 rostes,
200 1957 311 2005 auratus
323 1945 406 2004 stolas
417 1945 551 2017 babentes,
567 1957 590 2006 et
603 1946 695 2014 itastis,
708 1951 783 2018 priusi
797 1949 893 2004 cotrar-

95 2032 137 2087 tcs,
152 2031 284 2075 armatos.

127 2092 160 2146 iit
172 2108 270 2150 cursus
281 2107 406 2163 equorum
420 2107 466 2162 per
481 2091 584 2148 ordinas
593 2091 714 2164 dipestos,
731 2101 755 2146 et
774 2107 893 2162 conpres-

96 2165 175 2219 tiones
186 2165 246 2233 pieri
262 2163 390 2231 corruimus,
402 2174 425 2219 et
435 2175 568 2220 scutorum
583 2175 678 2229 motus,
693 2174 716 2218 et
729 2162 893 2236 pulsatorum

96 2236 289 2292 multitudinem
310 2233 407 2306 pladiis
422 2236 558 2304 districtis,
573 2246 599 2291 st
620 2236 731 2290 telarum
746 2237 848 2307 jactas,
868 2244 893 2290 et

96 2323 381 2364 aureorumarutasum
395 2307 571 2379 splendorem,
587 2309 721 2380 omnisque
735 2308 838 2379 pencris
853 2308 893 2362 lu·

96 2396 217 2437 nucarum.

129 2454 298 2525 Quapropter
309 2467 398 2508 omncs
411 2450 537 2526 repebant
551 2451 580 2506 in
591 2451 688 2514 bonrum
699 2459 816 2508 manustra
826 2467 891 2508 con·

98 2526 167 2582 certi.

128 2597 184 2654 Sed
196 2613 259 2652 cum
271 2597 356 2669 {alsus
370 2611 459 2651 rumor
469 2597 573 2667 exisset,
591 2608 722 2669 tamquam
733 2597 787 2650 nitu
800 2611 891 2653 ecme-

96 2672 165 2726 sisset
186 2670 349 2737 Antiochus,
371 2671 513 2741 assumptis
536 2669 621 2725 basan
641 2685 693 2724 non
713 2668 797 2722 satiaris
822 2668 893 2722 mille

96 2743 175 2812 uiris,
197 2750 304 2815 repente
328 2759 362 2815 ap
393 2757 464 2796 ossus
486 2749 523 2796 eat
541 2742 689 2807 ciuitatem,
704 2747 728 2794 ct
744 2739 842 2794 ciuibus
856 2740 892 2796 ati

97 2831 196 2869 murrum
207 2814 356 2870 consolanti
377 2831 416 2879 ns,
426 2813 463 2868 ud
472 2811 592 2870 uitiatum
603 2811 765 2884 apprebensu
776 2811 889 2880 ciuitate.

97 2887 235 2942 iieueluus
247 2886 316 2958 [upit
329 2888 356 2943 in
367 2901 474 2942 aecem:

127 2957 213 3015 lason
234 2974 297 3014 uero
312 2975 364 3014 nors
378 2957 500 3030 parcebat
514 2959 542 3012 ia
556 2959 628 3013 ccede
645 2956 743 3013 ciuibus
757 2956 813 3012 suis
824 2970 834 3012 .·
845 2971 893 3012 neo

97 3031 224 3105 copitabat
238 3030 436 3100 prosperitatem
448 3027 588 3086 aduersum
597 3037 723 3102 capitatas
731 3028 828 3084 nedum
838 3044 893 3084 esse

95 3105 250 3170 nudatum,
265 3101 397 3158 arbitrans
411 3103 525 3156 nostium
535 3111 559 3160 et
573 3118 625 3156 nors
641 3101 736 3156 ciuium
753 3117 780 3158 se
795 3110 893 3171 tropea

96 3183 245 3247 capturum.

128 3246 163 3301 Et
173 3247 354 3319 principatum
365 3245 469 3317 puidam
484 3262 536 3301 nan
547 3245 669 3311 obtinuit,
684 3244 763 3314 prtem
776 3259 835 3299 uero
848 3244 927 3324 irs-(3
944 3267 992 3327 pro
1006 3260 1035 3306 nt
1055 3259 1128 3308 erant
1143 3249 1188 3320 lsi,
1209 3250 1254 3321 pai
1277 3248 1363 3308 iocum
1388 3251 1415 3306 in

684 329 787 391 Ltuttt
807 330 829 388 ii
849 327 1139 394 studiosissumus.

126 446 222 520 itapuc
246 445 408 507 Ptolemnus
422 449 449 504 in
471 449 584 520 quodam
607 446 675 506 atrio
693 448 805 520 positum
820 449 935 519 pausiA
986 449 1084 508 Verum
1107 466 1160 506 narr

1688 343 1742 404 sti

1200 457 1285 524 supter
1305 451 1401 522 locum,
1424 465 1545 527 pestem
1566 459 1613 514 sart
1637 474 1742 540 propter

944 531 1057 602 pentem,
1071 522 1156 578 iocum
1171 469 1242 578 Aaou
1255 523 1339 596 clepit.

980 593 1098 666 ideoque
1116 605 1140 648 ot
1155 595 1221 666 ipsc
1236 595 1307 650 locus
1329 597 1459 671 particeps
1482 603 1565 672 pactus
1590 609 1626 658 cst
1651 607 1743 680 papuli

946 667 1075 729 malorum
1090 681 1099 720 .·
1110 676 1200 748 postca
1219 676 1305 722 autom
1325 669 1370 738 fiet
1389 671 1476 726 sacius
1497 672 1637 744 bonorum,
1655 685 1679 731 et
1699 681 1743 752 qni

945 738 1083 798 derelictus
1107 754 1133 792 nr
1154 738 1196 794 ira
1209 735 1258 792 iici
1272 741 1458 812 omnipotentis
1473 753 1521 812 est,
1533 746 1626 800 iterum
1641 749 1668 803 iu
1682 765 1742 806 mn·

963 814 989 869 ni
1009 807 1116 865 Dourird
1131 807 1348 866 reconciliatione
1362 829 1422 868 cuns
1434 831 1535 872 summu
1545 817 1629 888 pluria
1643 822 1743 878 eunita-

960 889 1025 943 itur.

980 953 1069 1030 tpitur
1083 951 1228 1010 Antiochus
1241 953 1314 1008 mille
1327 963 1350 1010 ct
1362 957 1516 1031 actinpeutis
1525 961 1618 1018 ablatis
1633 963 1665 1022 dc
1681 974 1743 1025 tem·

945 1030 990 1100 plo
1004 1025 1120 1092 talentis,
1133 1025 1254 1107 uelociter
1265 1025 1431 1082 Antiochiam
1443 1047 1576 1103 repemina
1591 1044 1640 1098 cst,-
1652 1039 1742 1094 caiati-

945 1095 1261 1258 :tzitttttttdit
1274 1102 1743 1250 llll:litsttlltsttltt.

945 1256 1053 1302 ttoneru.
1625 1285 1630 1291 .

981 1315 1098 1382 liclipuit
1112 1321 1200 1368 autem
1215 1323 1239 1368 ot
1259 1316 1413 1388 praepositas
1433 1317 1467 1372 acl
1487 1319 1657 1392 aldipcudam
1698 1341 1744 1380 cn-

946 1400 997 1446 tem
1013 1385 1206 1469 :ierosolymis
1230 1387 1334 1468 quidem
1360 1386 1515 1460 Philippum
1539 1409 1632 1464 ponere
1652 1342 1743 1470 Pir-p-

946 1457 1144 1535 pemmatibus
1160 1455 1335 1514 crudeliorem
1352 1475 1381 1514 oo
1399 1462 1466 1532 ipso,
1483 1477 1565 1534 aqua
1585 1467 1745 1525 constitutus

946 1545 1007 1590 est:

982 1605 1018 1661 in
1038 1601 1155 1658 Gariaim
1175 1609 1264 1657 autem
1278 1603 1469 1672 Andronicum,
1486 1613 1510 1662 et
1525 1605 1685 1679 Menelaum,
1698 1612 1745 1684 pul

946 1679 1052 1751 prasius
1063 1691 1140 1746 quam
1152 1675 1240 1730 catari
1254 1675 1420 1732 imminebant
1434 1678 1544 1735 ciuibus.

982 1749 1098 1817 Cumque
1114 1746 1251 1818 appositus
1263 1758 1327 1802 esser
1342 1758 1432 1805 contra
1444 1748 1562 1815 ladmen,
1579 1753 1650 1808 misit
1667 1753 1742 1809 adio-

947 1838 1004 1878 snm
1030 1819 1174 1894 principm
1197 1817 1367 1888 Apollonium
1386 1837 1445 1874 cnrn
1467 1822 1581 1878 exercitu
1604 1825 1696 1896 oipinti
1719 1833 1744 1880 ot

946 1893 1048 1949 duobus
1062 1889 1189 1956 millibus,
1205 1891 1395 1962 proecipinrsei
1415 1908 1502 1948 amites
1519 1896 1642 1968 perfectae
1660 1897 1743 1953 tctotis

944 1965 1109 2035 interficere,·
1127 1960 1249 2017 mulieres
1264 1977 1294 2015 ac
1303 1963 1413 2032 juceues
1424 1965 1544 2021 ueudarc.

981 2037 1034 2105 Qui
1057 2051 1116 2089 cum
1138 2034 1245 2088 currisset
1268 2030 1472 2106 ierosolymam,
1507 2053 1578 2092 acon
1599 2038 1739 2108 sintuinns,

943 2109 1041 2180 pnieuit
1060 2121 1140 2178 napae
1164 2105 1199 2158 ad
1221 2103 1291 2159 diem
1315 2115 1433 2162 sanctum
1452 2054 1553 2164 mitrati
1570 2125 1578 2164 .·
1594 2117 1617 2164 ct
1631 2119 1693 2164 tunc
1707 2111 1721 2190 p
1732 2140 1745 2151 -

943 2182 1021 2236 statis
1034 2176 1137 2234 tanate
1148 2193 1222 2232 arma
1234 2193 1327 2248 capere
1340 2179 1397 2234 suis
1410 2181 1544 2252 pracepit.

981 2253 1126 2322 Omttesqtss
1135 2249 1220 2322 quinti
1233 2248 1408 2320 spectaculum
1421 2261 1609 2323 processerant,
1625 2253 1743 2308 trucida-

943 2324 1001 2379 uit:
1024 2331 1050 2380 et
1075 2323 1204 2376 ciuitatem
1229 2337 1288 2375 cum
1307 2322 1414 2377 armatis
1429 2323 1591 2396 discurrent,
1615 2325 1743 2398 inpentcm

945 2395 1135 2451 multitudinem
1147 2392 1265 2468 peremit.
1486 2446 1488 2450 .

978 2465 1063 2522 indas
1074 2477 1161 2521 auton
1172 2463 1350 2532 biaclrabccns,
1362 2465 1406 2536 spui
1417 2465 1533 2522 decimus
1543 2468 1644 2538 lucrat,
1659 2484 1742 2525 seces·

943 2547 1014 2596 serat
1025 2539 1053 2593 in
1068 2537 1199 2594 decertum
1213 2537 1314 2602 lacum,
1329 2538 1413 2606 ibique
1435 2539 1502 2595 irster
1515 2539 1585 2610 {eras
1609 2541 1687 2596 citam
1711 2537 1740 2600 in

944 2610 1071 2666 arantibus
1086 2625 1145 2664 cum
1158 2608 1213 2664 sais
1227 2610 1340 2679 apebct:
1359 2619 1382 2664 ct
1404 2609 1457 2678 leni
1469 2611 1524 2665 ciba
1540 2622 1668 2668 ococomeo
1680 2653 1687 2680 ,
1700 2616 1744 2672 de·

944 2682 1131 2752 morabantur,
1147 2697 1179 2736 uc
1192 2681 1337 2752 participes
1350 2692 1433 2736 essent
1449 2682 1684 2754 coinquinationis·

1246 2795 1361 2853 CAPUT
1383 2795 1426 2852 tt.

981 2891 1034 2948 Sed
1058 2907 1111 2946 aon
1129 2899 1186 2965 post
1208 2890 1319 2946 multum
1342 2890 1463 2964 temporis
1490 2893 1560 2948 ueisit
1585 2911 1633 2949 reo
1657 2912 1743 2952 senem

943 2963 1081 3038 querutum
1095 2961 1298 3032 Amiucirounm,
1324 2961 1369 3032 qui
1395 2962 1559 3030 compelleret
1571 2963 1680 3022 induas
1693 2975 1745 3036 „ut

943 3053 972 3093 so
985 3040 1155 3106 transperrcnt
1169 3051 1186 3088 a
1201 3033 1293 3100 patriis
1308 3043 1331 3090 at
1341 3031 1391 3090 iioi
1401 3035 1425 3089 le
1443 3036 1509 3090 ibus.

980 3107 1166 3163 Constantinam
1181 3108 1258 3162 ctiam
1279 3105 1348 3176 quod
1371 3107 1398 3162 in
1431 3105 1583 3178 erosolymis
1603 3118 1659 3162 crat
1681 3117 1744 3163 terra·

945 3181 1017 3252 plum
1030 3220 1038 3247 ,
1062 3188 1087 3233 ot
1104 3179 1285 3249 capuominare
1296 3175 1370 3232 iouis
1382 3176 1497 3304 Olpmpii
1509 3195 1518 3236 :
1530 3189 1553 3234 et
1567 3181 1594 3234 in
1607 3178 1743 3250 liar-isim,

1436 3250 1587 3320 obstabant,
1602 3249 1676 3307 louis
1697 3253 1745 3308 Aa·

95 3320 224 3375 sidiarum
250 3335 360 3374 suarum
382 3317 561 3388 conclusionem
580 3319 692 3389 accepit,
718 3327 741 3372 et
764 3320 891 3389 prolapus
944 3321 1057 3397 spiratio.

95 3391 187 3447 iterum
199 3389 304 3444 obiitin
318 3389 493 3448 Ammonitcn.

127 3464 169 3518 Ad
180 3463 315 3528 ultimum,
328 3462 354 3515 iu
365 3462 475 3518 erilium
485 3461 528 3516 sui
538 3459 674 3516 conclusus
689 3459 721 3514 ab
734 3460 815 3517 Asela
825 3459 892 3514 Ara·-

95 3535 151 3591 bum
162 3544 290 3606 tpranno,
305 3534 406 3605 papiens
421 3534 565 3588 decivitate
579 3534 756 3599 inuisitatem,
772 3531 892 3588 onmibus

94 3607 212 3674 odiosus,
226 3615 256 3663 ut
278 3609 372 3679 relupa
394 3607 491 3678 lupum
511 3615 535 3659 et
555 3603 731 3670 exsecrabilis,
747 3616 774 3658 nt
797 3605 891 3674 patrios

94 3681 185 3733 ciuium
201 3678 297 3745 lrostis,
313 3679 340 3731 iu
355 3675 501 3750 AEppptum
512 3684 632 3732 extrusus
645 3685 682 3730 cst
699 3689 708 3728 :

127 3750 161 3805 iit
174 3752 223 3821 pai
234 3751 331 3806 multos
345 3749 377 3805 dc
391 3748 477 3820 patria
489 3764 537 3806 suu
550 3747 697 3816 capatacar,
711 3761 817 3820 perepre
828 3763 888 3820 per-

92 3823 130 3889 iit,
146 3821 355 3879 Lacedremonas
370 3821 520 3892 proiectus,
535 3820 610 3890 quasi
624 3834 673 3890 pro
690 3820 842 3890 caprsationo
853 3818 891 3874 ibi

91 3895 226 3969 reiupium
237 3893 376 3949 habiturus
387 3907 397 3947 .·

126 3968 158 4022 ies
171 3967 223 4037 rpus·
237 3964 383 4034 insepultos
394 3964 489 4020 multos
507 3962 648 4035 abjecerat,
663 3963 719 4034 ipsc
731 3971 755 4018 et
769 3961 890 4018 illamen-

91 4047 169 4107 tatus,
185 4047 215 4094 et
235 4037 382 4110 insepultus
405 4036 539 4111 abjicitur,
555 4036 690 4107 sepultura
711 4051 794 4106 ucpue
813 4051 889 4106 perc·

91 4111 166 4181 priua
179 4127 260 4178 usus,
277 4125 360 4180 nsque
372 4115 459 4181 patrio
471 4108 592 4179 sepulcro
608 4106 779 4177 participans.

125 4182 179 4237 iiis
194 4184 285 4252 itaque
298 4183 388 4252 pestis,
403 4179 548 4254 suspicatus
570 4187 607 4234 est
626 4195 673 4234 rec
686 4180 833 4234 societatem
845 4178 891 4232 de·

90 4267 206 4312 moturos
217 4253 342 4319 iudicas,
357 4261 381 4308 et
393 4253 425 4308 ob
437 4253 487 4307 boc
496 4250 627 4322 prolectas
646 4268 679 4306 ec
697 4251 815 4322 dipppto
828 4250 891 4318 effc-

90 4329 154 4381 ratis
164 4327 280 4392 animis,
296 4325 426 4380 ciuitatem
437 4323 632 4395 quidemarmis
647 4324 725 4395 cepit.

122 4397 213 4455 iussit
237 4407 327 4454 autem
347 4396 471 4452 militibus
493 4396 649 4464 interficere,
666 4411 713 4450 ruec
723 4409 829 4467 parcere
846 4411 891 4452 oo·

89 4471 275 4539 cursantibus,
289 4476 313 4525 et
324 4484 371 4542 per
383 4468 473 4524 domos
482 4467 647 4522 ascendeutes
662 4468 806 4522 trucidare.

124 4543 243 4600 Ficbant
261 4558 323 4614 erpo
345 4541 428 4598 cedes
437 4544 576 4614 p'uoenum,
591 4555 621 4594 ac
636 4540 778 4604 seniorum,
793 4546 818 4594 ct
832 4555 890 4594 mu·

944 3468 950 3482 ι
978 3394 1099 3480 Pcspimu
1120 3401 1207 3450 autern
1233 3401 1258 3450 ct
1277 3393 1402 3451 uniuersis
1424 3395 1510 3466 pranis
1535 3402 1589 3450 mat
1615 3393 1741 3452 malarum

941 3483 1054 3594 miiliirii
1065 3485 1193 3610 iemplnru
1208 3537 1335 3606 incuria,
1352 3546 1376 3592 et
1385 3499 1616 3594 comessationibus
1630 3539 1744 3611 pontium

941 3622 995 3667 mat
1006 3611 1129 3682 plenum,
1151 3621 1176 3666 ct
1187 3609 1355 3664 scortantium
1368 3625 1427 3664 cum
1436 3608 1613 3666 meretricibus
1629 3623 1639 3666 .·
1652 3625 1740 3666 sacru·

942 3683 1027 3750 sisque
1052 3682 1151 3738 adstas
1177 3681 1298 3736 mulieres
1324 3697 1352 3736 so
1379 3681 1449 3738 ultro
1472 3681 1643 3754 inponebant,
1674 3682 1745 3738 intro

941 3759 1053 3826 pereuntes
1064 3769 1112 3820 ca,
1127 3769 1185 3824 quac
1204 3769 1255 3807 non
1269 3752 1371 3807 licebat.

963 3825 1068 3909 ¹Altero
1080 3825 1159 3881 ctiam
1173 3823 1280 3897 pianum
1294 3833 1349 3880 erut
1362 3823 1477 3894 illicitis,
1499 3838 1557 3896 pute
1570 3823 1669 3896 lepibus
1684 3841 1744 3897 pro-

941 3897 1177 4042 miii’ccputi‘eurs'stem
1198 3967 1305 4029 sabbma
1334 3966 1559 4036 custodiebantur,
1585 3983 1667 4093 respue
1690 3969 1745 4026 dies

941 4042 1067 4098 oolcnrncs
1090 4041 1171 4124 patrii
1195 4042 1381 4122 servabantur,
1395 4055 1441 4095 nec
1456 4039 1606 4112 sirrrpliciter
1637 4039 1744 4096 udronm

941 4109 1260 4266 “stisttttltiil·
1277 4110 1621 4241 tttttdtt‘lslttt'n
1641 4183 1669 4237 a
1699 4183 1742 4238 ars

941 4258 1037 4313 natalis
1065 4272 1134 4328 repas
1160 4256 1195 4312 od
1220 4255 1378 4326 sacrificia:
1403 4265 1444 4321 et,
1470 4270 1528 4310 cum
1559 4253 1646 4308 Liberi
1669 4269 1745 4310 sacra

942 4329 1154 4416 celebrarentur,
1169 4327 1324 4402 copebuntur
1339 4325 1436 4384 bodera
1459 4326 1577 4383 coronati
1588 4324 1681 4384 bibero
1694 4328 1747 4383 cir-

942 4418 1208 4530 campunarum
1218 4473 1280 4528 eniit
1293 4473 1320 4528 in
1331 4473 1463 4543 prociduae
1473 4471 1608 4546 pontillum
1617 4469 1743 4542 ciuitates,

941 4546 1136 4619 suppurantibus
1165 4543 1331 4614 Ptolerrrals,
1356 4553 1385 4600 ut
1405 4545 1464 4616 pari
1490 4545 1606 4610 modoet
1631 4544 1680 4610 ipsi
1695 4541 1744 4596 asl-

88 4617 195 4682 lierum,
209 4624 236 4671 ct
250 4623 374 4672 natarum
391 4612 557 4682 exterminia,
573 4612 762 4684 sirpinumpue,
777 4621 801 4666 et
827 4626 891 4682 par·
946 4616 1157 4676 persuasoriam
1184 4627 1305 4689 apinam,
1326 4625 1354 4671 ac
1368 4615 1567 4686 sacrificarent:

88 4689 217 4744 ssiarstns
229 4702 317 4745 mecm.

122 4761 214 4816 Erarst
226 4768 317 4816 autent
329 4769 384 4817 toto
398 4758 486 4816 triduo
499 4760 633 4834 octopinta
652 4760 737 4816 millia
752 4761 894 4834 interlecti,

87 4833 271 4959 puodrapiatu
288 4832 374 4890 millia
391 4832 480 4902 uuicti,
497 4848 549 4888 nan
568 4834 654 4890 minus
681 4843 770 4888 autem
786 4848 894 4890 oenum·

104 4910 153 4962 ati.

121 4979 182 5037 Sed
196 4994 250 5035 nec
263 4980 316 5036 istu
328 4978 458 5050 sufficiunt
471 4993 571 5034 cousus
581 4987 618 5033 est
629 4978 708 5032 otium
722 4976 821 5033 intrare
829 4987 893 5034 terra·

86 5053 161 5122 plum
185 5053 315 5110 uniuersa
338 5059 409 5106 terra
429 5052 555 5117 sanctius,
573 5048 695 5106 iiertdao
714 5049 832 5121 ductore,
847 5052 893 5121 qui

85 5123 188 5195 lepum,
201 5132 231 5180 et
243 5124 337 5196 petrice
346 5123 397 5194 suit
412 5123 549 5192 proditor:

118 5196 157 5251 Et
181 5197 306 5253 sceicdis
333 5195 451 5252 montom
474 5210 577 5249 sumens
591 5201 683 5248 smsctu
696 5210 837 5266 occupem
857 5196 890 5250 ab

83 5270 144 5324 aliis
166 5268 293 5340 repibus,
308 5277 333 5324 et
352 5267 497 5321 ciuitatibus
516 5275 589 5321 eram
612 5270 697 5337 positu
715 5267 749 5322 ad
770 5276 892 5323 ornatum

83 5343 146 5413 ioci,
161 5351 188 5398 ct
203 5341 323 5413 pluriam
336 5339 512 5394 contrectabat
524 5338 640 5410 indipisc,
651 5349 676 5394 ct
686 5339 891 5395 contaminabat.

118 5415 166 5468 ita
180 5414 324 5468 alienatus
342 5420 426 5466 merite
454 5409 615 5474 Antiaclms,
631 5427 684 5465 non
698 5411 891 5480 considerabat,

81 5487 156 5554 cuod
171 5493 289 5559 propter
306 5491 411 5554 peccata
421 5481 593 5538 natnanctam
607 5482 749 5548 ciuitatem,
763 5483 895 5540 nmdicuot

82 5555 154 5614 Deus
170 5564 268 5630 [uersu
282 5558 365 5611 iratus
379 5572 389 5620 ,·
404 5553 594 5627 propterquod
612 5562 638 5609 et
656 5556 752 5609 accidit
768 5556 838 5610 circa
854 5559 896 5612 lo·

81 5649 142 5686 cum
157 5629 310 5700 despectio.

115 5701 260 5774 Alioquin
269 5702 320 5757 nisi
330 5700 479 5772 coutipisset
496 5715 538 5754 eos
552 5698 643 5753 multis
656 5700 769 5769 peccatis
782 5716 838 5756 esse
852 5700 894 5755 in·

80 5777 200 5840 solutos,
219 5775 291 5828 sicut
315 5769 487 5840 Heliodorus,
501 5771 653 5842 puimissus
676 5780 714 5827 est
737 5789 755 5827 a
778 5772 891 5829 Seleuco

80 5865 143 5919 sepe
155 5846 197 5904 od
212 5843 421 5916 mpolmndum
432 5845 565 5910 erarium,
573 5842 701 5898 etiarulsic
714 5847 803 5899 statim
813 5845 892 5900 adue·

82 5923 161 5978 niens
171 5917 383 5992 stapedum
392 5915 512 5988 repulsus
522 5916 613 5988 usipus
622 5915 714 5986 [sieut
723 5917 756 5972 ab
766 5916 889 5976 moncia.

908 4665 935 4728 Ῐ)
982 4689 1036 4745 Eos
1052 4699 1152 4758 autem,
1167 4690 1212 4760 pai
1237 4687 1336 4744 nollent
1362 4689 1474 4747 transire
1488 4689 1521 4742 ad
1541 4688 1660 4744 instituta
1681 4703 1744 4761 pen·

947 4762 1026 4831 tium,
1043 4761 1215 4832 interficerent
1230 4777 1240 4814 .·
1254 4770 1308 4816 erat
1324 4777 1386 4832 erpo
1399 4759 1635 4816 nidernmiseriam.

981 4831 1049 4889 Dum
1062 4835 1131 4890 enim
1147 4834 1265 4888 mulieres
1279 4833 1371 4888 delatae
1396 4839 1455 4890 sunt
1471 4841 1544 4887 natos
1559 4846 1619 4886 suos
1633 4829 1744 4886 circum-

945 4906 1041 4962 cidisse
1066 4921 1075 4961 .·
1097 4921 1176 4979 prius,
1199 4902 1343 4976 infantibus
1366 4903 1400 4959 ad
1420 4903 1500 4958 ubera
1524 4903 1670 4974 suspensis,
1687 4915 1745 4956 cuns

944 4981 1045 5054 publice
1069 4997 1114 5054 per
1143 4980 1272 5037 cinitatcm
1298 4979 1549 5047 circumduxissent,
1582 4990 1627 5046 per·
1657 4987 1746 5027 muros

943 5053 1177 5126 praecipitaverunt.

979 5128 1032 5184 Alii
1057 5143 1115 5182 oero
1135 5127 1169 5185 ud
1215 5128 1315 5182 eminuas
1336 5133 1455 5180 coerrntes
1476 5119 1636 5190 speluncas,
1665 5125 1689 5174 et
1705 5117 1747 5174 ln-

943 5208 1027 5254 teater
1048 5199 1148 5255 sabbati
1171 5144 1240 5254 Aion
1266 5195 1424 5254 celebrantes
1448 5209 1506 5248 cunr
1531 5190 1641 5246 indicati
1665 5201 1746 5246 essent

945 5271 1087 5344 Piriiippo,
1103 5272 1216 5343 parnmis
1232 5268 1348 5326 succensi
1361 5279 1438 5332 sunt,
1466 5281 1495 5319 ea
1508 5261 1578 5336 quod
1594 5265 1746 5320 uerebantur

946 5353 1052 5418 propter
1082 5343 1234 5414 rciipionem
1257 5350 1280 5398 ct
1308 5337 1518 5404 obcertantium,
1543 5351 1623 5390 uranu
1646 5337 1747 5392 sibimet

946 5414 1076 5471 auxilium
1092 5419 1169 5486 ferro.

986 5487 1097 5542 Obsecro
1110 5497 1195 5542 autem
1206 5501 1263 5557 eos,
1277 5484 1321 5558 pni
1334 5482 1403 5539 Anac
1417 5481 1510 5536 librum
1526 5479 1616 5535 lecturi
1630 5489 1701 5546 sunt,
1714 5496 1748 5535 ne

948 5558 1133 5614 miserescunt
1148 5567 1253 5630 propter
1274 5559 1396 5612 aduersos
1420 5571 1514 5622 casus,
1538 5553 1584 5608 sed
1607 5557 1744 5624 reputent,

948 5648 994 5698 ea,
1009 5629 1244 5697 pumuccideruut,
1272 5646 1324 5685 non
1336 5628 1370 5684 od
1385 5627 1535 5698 interitum,
1556 5624 1601 5680 scd
1627 5623 1662 5680 od
1685 5640 1744 5682 car·

946 5704 1092 5774 reptionem
1101 5716 1155 5756 esse
1167 5702 1268 5773 peneris
1280 5702 1371 5758 nostri.

983 5775 1085 5829 Etenim
1105 5774 1187 5829 multo
1208 5783 1321 5846 tempore
1340 5789 1392 5830 nou
1415 5773 1498 5829 sinere
1512 5769 1690 5842 peccatoribus
1711 5783 1744 5823 ee

944 5847 1071 5903 sententio
1086 5861 1179 5916 apere,
1193 5848 1238 5902 sed
1252 5847 1339 5903 statim
1354 5846 1466 5904 ultiones
1489 5842 1629 5910 adbibere,
1657 5841 1745 5912 inrepsit

945 5919 1061 5992 beneficii
1071 5927 1108 5976 est
1122 5915 1259 5976 indictum.
1688 5925 1694 5938 ¹
