4017 6334
267 313 322 378 ser
780 308 811 367 s.
833 305 1023 368 urrnonrnr
1043 300 1158 370 orrum
1177 299 1417 364 orouoruecn.
1859 303 1907 368 nn
2003 265 2004 312 ³

270 429 319 488 Est
332 425 539 501 milrisuiqiciens
548 423 902 496 ritotrrilriienimproderit
916 418 1112 497 intemporoA
1159 417 1241 503 Quasi
1262 420 1286 477 is
1308 419 1491 504 quierem-ei
1514 418 1637 491 minui,
1662 417 1907 490 munecatone

271 501 394 558 uindicta
406 509 430 555 et
442 499 614 555 obductionis.
1123 499 1222 546 sustene
1237 491 1318 547 ionas
1331 493 1433 562 {ructus
1445 491 1527 554 sllrus.

309 571 352 628 Νι
363 573 478 645 sequaris
489 572 518 628 in
532 569 690 643 fortitudine
701 576 747 626 tua
760 567 997 639 concupiscentiam
1010 581 1071 622 cor·
1160 559 1193 621 ln
1204 567 1362 648 opcreenr'm
1377 565 1458 636 ipsius
1473 566 1597 639 scipsum
1612 561 1755 634 tetmaris,
1767 572 1790 622 et
1800 565 1848 622 cito
1859 565 1908 626 ιιι

274 644 315 700 dis
329 645 388 699 tui:
1125 631 1379 772 degeneratronllnr
1393 637 1474 693 iilius.

310 715 345 770 Et
359 731 393 770 ue
405 715 518 772 diceris:
527 712 664 782 Quomodo
676 712 770 784 potuil
779 719 826 768 aui
835 711 894 785 quis
905 728 944 774 me
954 710 1073 783 suljicict
1186 722 1248 762 uam
1262 724 1355 780 aspero
1369 717 1406 765 esi
1422 705 1533 762 nimium
1552 707 1681 780 snpientia
1693 707 1721 764 in
1739 708 1821 776 doctis
1834 709 1907 774 inuri·

274 796 380 860 propter
395 787 466 854 loeta
479 787 555 842 meo?
571 786 642 840 Deus
652 785 723 840 enim
735 783 872 840 uindicans
881 780 1034 839 oiudicalit.
1124 776 1210 840 iiiiii.
1225 787 1249 832 tl
1265 795 1315 832 iton
1329 779 1488 849 pcrmnnelrit
1502 779 1530 833 in
1544 780 1591 833 ilin
1605 795 1707 836 encore.

311 859 354 914 Νι
375 858 494 914 diceris:
512 857 632 923 Perconi,
656 866 680 913 ιι
699 855 762 927 quid
787 854 851 912 miii
870 853 969 912 accidit
982 853 1074 913 triste?
1162 848 1244 917 Quasi
1257 848 1359 918 lupinis
1369 852 1450 914 uirtus
1464 851 1583 922 prodatis
1596 853 1645 906 erit
1659 851 1686 908 in
1701 851 1766 922 illis,
1777 862 1801 908 et
1814 869 1863 908 non
1873 853 1908 910 tr-

274 930 422 986 Aitissirrrus
436 930 505 986 enirn
519 939 556 985 ert
571 929 672 1000 patiens
683 925 810 983 redditor.
1123 920 1294 975 mirabimur
1304 923 1431 996 proiicere
1444 922 1528 977 iliam.

312 1001 508 1074 lieprapiriato
534 1009 637 1070 peccato
656 1000 710 1054 noii
731 1013 788 1056 esre
810 999 866 1054 sine
887 1004 968 1062 metu,
992 1011 1075 1068 neque
1161 989 1298 1063 Sapientia
1318 997 1385 1050 anim
1401 993 1681 1060 doctrinnrecundurn
1698 1011 1791 1070 nomen
1803 1004 1838 1050 ert
1850 996 1908 1065 einr,

273 1073 386 1147 adiicias
400 1082 536 1143 pecentnnr
548 1087 627 1147 super
642 1077 786 1141 peccatum.
1124 1073 1149 1118 et
1163 1079 1213 1117 uon
1227 1075 1265 1118 est
1280 1067 1372 1121 urnitls
1385 1067 1547 1138 manifesta:
1561 1065 1652 1136 quidus
1661 1079 1749 1124 nutem
1759 1067 1859 1139 coquito
1868 1077 1909 1132 ert,

311 1145 346 1200 Et
358 1160 391 1200 ne
403 1144 475 1198 dicas
487 1161 495 1198 .·
509 1142 643 1200 llirerotio
657 1140 765 1198 liominl
779 1149 939 1215 mrtqsraest,
954 1139 1075 1196 multitu·
1125 1145 1258 1218 remanet
1271 1138 1396 1209 usquead
1410 1147 1574 1210 conspectum
1585 1137 1644 1196 net.

275 1217 345 1272 diuis
359 1227 523 1280 peccatorum
540 1229 656 1270 rrreorrnn
670 1213 841 1268 miserebitur.
1142 1278 1149 1291 .
1161 1207 1241 1272 Andr,
1256 1207 1306 1278 iili,
1321 1219 1345 1264 et
1358 1211 1446 1278 accipe
1458 1209 1596 1272 consilians
1608 1209 1762 1279 intellectus,
1775 1219 1800 1266 ei
1810 1227 1840 1267 ne
1851 1207 1911 1281 alji-

315 1287 494 1344 llisericordia
508 1288 587 1354 enim,
602 1298 625 1341 et
639 1286 679 1340 iro
692 1285 725 1341 al
741 1283 790 1341 ilio
804 1284 856 1342 cito
870 1284 1037 1356 prasinam,
1049 1289 1073 1338 et
1124 1295 1179 1334 oras
1194 1281 1330 1339 consilium
1346 1297 1450 1344 ursum:
1700 1341 1703 1348 ,

277 1361 460 1432 inpeccotores
473 1358 580 1426 respicit
592 1359 633 1412 ira
646 1356 730 1412 illins.
1162 1347 1245 1423 injice
1261 1353 1352 1418 pedem
1365 1363 1437 1409 tuum
1450 1354 1477 1408 in
1492 1352 1626 1426 compedes
1642 1352 1726 1422 iliius,
1741 1363 1767 1409 ct
1781 1353 1808 1416 in
1821 1361 1913 1424 torques

313 1431 374 1486 Non
388 1430 475 1485 turdos
490 1429 603 1484 converti
618 1429 652 1484 od
662 1426 814 1498 llominum,
832 1435 857 1484 rt
876 1444 909 1484 ne
922 1424 1030 1494 differor
1043 1425 1076 1482 de
1126 1417 1200 1476 illius
1214 1423 1311 1504 coitum
1324 1433 1408 1482 tuum.

275 1501 317 1558 die
326 1502 354 1556 in
365 1503 445 1556 diem.
1163 1492 1268 1574 Suijrce
1277 1494 1413 1552 lrarncrnrn
1424 1505 1507 1566 tunm,
1522 1506 1546 1554 et
1559 1506 1634 1570 porta
1646 1496 1733 1566 illam,
1746 1505 1769 1559 ιι
1781 1513 1814 1553 ne
1825 1493 1913 1552 acedie-

311 1572 405 1630 santra
415 1573 483 1628 enirn
498 1572 580 1630 renim
592 1573 633 1628 ira
644 1571 730 1640 illius,
745 1571 808 1629 etin
820 1581 943 1646 -tenrpore
954 1566 1078 1627 uindicta
1126 1565 1163 1622 ris
1177 1563 1288 1622 urncnlis
1302 1569 1371 1640 ejus.
1877 1589 1878 1592 ¹

275 1643 316 1700 dis
336 1645 406 1701 erden
419 1654 453 1701 rr,
1162 1634 1279 1691 inomni
1293 1639 1381 1694 auimo
1396 1648 1440 1696 tuo
1450 1638 1544 1700 decede
1557 1640 1592 1696 ad
1607 1637 1693 1712 iliano,
1708 1641 1773 1698 elin
1789 1639 1856 1706 omni
1868 1637 1913 1694 tir-

310 1663 376 1770 datr·
389 1717 483 1772 uncins
503 1733 557 1771 esse
568 1717 597 1770 in
610 1715 708 1770 diuitiis
718 1714 846 1785 injustis:
861 1729 913 1771 reon
926 1713 996 1769 enim
1014 1727 1077 1787 pro·
1126 1717 1180 1764 tute
1195 1717 1239 1764 tro
1249 1725 1372 1769 corrseron
1383 1711 1437 1768 rins
1451 1715 1518 1784 ejus.

273 1787 368 1844 derunt
381 1787 428 1843 tili
443 1789 469 1842 in
483 1787 525 1845 die
538 1787 701 1843 obductionis
713 1795 737 1842 et
749 1785 882 1844 uindictre.
1089 1813 1113 1876 B
1164 1777 1295 1853 luoestiqa
1315 1783 1399 1850 iliam,
1420 1791 1444 1838 et
1460 1782 1666 1856 manifestabitur
1679 1783 1738 1854 tili,
1753 1790 1779 1840 ei
1792 1781 1912 1850 meliorus

311 1857 373 1914 Non
395 1859 501 1914 uenrr'les
524 1868 548 1914 te
567 1861 595 1913 in
616 1873 716 1912 omnent
734 1868 854 1919 uentum,
875 1864 967 1914 ernon
985 1871 1031 1912 eas
1044 1855 1072 1910 in
1126 1853 1211 1920 facins
1222 1867 1254 1908 uc
1265 1853 1430 1936 derelinquar
1442 1870 1508 1910 earn.

274 1946 376 1987 omnem
389 1931 479 1986 uiam:
493 1931 532 1988 sic
552 1931 621 1988 enirn
644 1929 729 1987 ornnis
753 1935 873 2000 peccator
896 1927 1022 1998 proiaiur
1044 1927 1073 1981 in
1160 1919 1195 1979 ln
1216 1926 1360 1980 nourrsirrns
1381 1927 1449 1981 enirn
1469 1927 1584 1984 inuenies
1596 1929 1710 2000 requiem
1724 1927 1752 1986 in
1767 1945 1808 2000 ea,
1824 1937 1914 1992 etcor-

273 2002 372 2074 duplici
386 2001 486 2072 linqua.
1124 2001 1235 2054 rotetur
1249 1996 1294 2052 tr'lri
1306 1997 1333 2052 in
1348 1995 1557 2054 oblectationem.

310 2072 375 2128 Esto
389 2074 480 2144 firmus
492 2073 521 2130 in
534 2072 577 2127 oia
589 2070 712 2139 Domini,
727 2079 752 2128 rt
763 2072 910 2128 inveritate
920 2086 1012 2129 sensus
1024 2068 1074 2135 tui,
1161 2067 1196 2121 Et
1210 2076 1284 2120 erunt
1299 2066 1345 2122 tili
1362 2069 1496 2143 compedes
1515 2071 1572 2143 ejus
1584 2070 1611 2125 in
1627 2071 1813 2142 protectionem
1824 2071 1915 2144 [miltu-

274 2152 298 2199 et
314 2145 421 2199 scientio
433 2160 443 2198 .·
457 2152 480 2199 et
493 2152 663 2213 prosequatur
676 2152 702 2198 ie
715 2142 820 2199 nerium
833 2142 905 2211 pacis
917 2151 942 2197 et
950 2141 1073 2212 justitie.
1126 2141 1205 2206 diuis,
1223 2149 1247 2194 ci
1268 2139 1341 2196 iores
1353 2139 1471 2212 uirtutis,
1483 2150 1507 2198 et
1525 2155 1626 2214 torques
1640 2141 1712 2206 illius
1725 2146 1753 2203 in
1766 2144 1854 2201 stolam
1866 2150 1916 2214 qlo-

311 2215 375 2270 ilsto
385 2226 535 2272 uranruetus
544 2215 580 2269 ad
590 2215 749 2270 audiendum
759 2216 871 2277 aerium,
885 2225 913 2272 ut
925 2213 1076 2284 irrtetliqas:
1126 2213 1184 2268 rice.

274 2295 299 2342 et
315 2303 376 2341 cunr
389 2287 517 2359 rapientia
530 2287 649 2355 proferas
663 2300 818 2356 responsum
832 2301 931 2342 oerum.
1163 2284 1248 2338 Decor
1264 2285 1334 2340 enim
1347 2285 1407 2342 nitro
1421 2293 1457 2342 cst
1475 2285 1502 2340 in
1517 2284 1580 2354 illa,
1594 2295 1618 2341 et
1631 2285 1736 2344 uincula
1751 2284 1823 2343 illius
1835 2284 1918 2358 alliqu-

312 2359 343 2414 Si
357 2369 395 2415 esi
409 2360 455 2414 titi
464 2359 619 2424 intellectus,
632 2359 758 2430 responde
770 2358 888 2428 proximo
899 2373 909 2414 .·
922 2356 963 2414 rin
974 2364 1073 2421 antem,
1128 2365 1187 2412 turn
1206 2355 1338 2414 solutoris.
1425 2407 1427 2414 .

275 2431 309 2485 rit
323 2447 415 2485 rnonns
430 2439 475 2485 tua
492 2445 570 2498 super
583 2446 612 2485 os
626 2439 711 2500 tuum,
727 2445 759 2486 ne
772 2428 888 2501 copiosis
901 2430 928 2484 in
942 2427 1022 2484 rerlo
1034 2430 1075 2484 in·
1164 2425 1267 2484 Stolarn
1279 2429 1370 2500 qlorr'tc
1382 2428 1476 2486 indues
1488 2445 1556 2498 eom,
1569 2439 1594 2486 et
1609 2445 1734 2490 coronarer
1746 2429 1919 2506 qratulationr's

274 2502 452 2571 disciplinato,
463 2509 488 2556 ιι
501 2500 682 2572 confundaris.
1127 2515 1283 2572 superpones
1296 2501 1353 2557 tili.

312 2571 341 2627 it
343 2589 407 2628 onor
415 2583 441 2628 et
453 2572 540 2640 qlorio
555 2574 583 2627 in
598 2588 715 2629 sermione
725 2572 836 2641 sensati,
848 2572 939 2645 linqua
952 2587 1014 2630 uero
1028 2569 1077 2626 iur-
1164 2569 1188 2625 F
1189 2573 1229 2638 iii,
1245 2573 1268 2626 si
1279 2573 1421 2628 attenderis
1434 2574 1510 2639 milri,
1524 2573 1628 2629 disces:
1642 2584 1667 2630 et
1682 2573 1704 2630 si
1719 2573 1920 2632 accommodetu-

276 2644 411 2718 prudentis
424 2644 554 2702 sulomsio
567 2653 605 2700 est
613 2644 708 2716 ipsius.
1128 2642 1166 2698 ris
1177 2643 1295 2699 animum
1305 2654 1389 2710 inum,
1401 2647 1503 2716 rapient
1513 2646 1574 2701 eris.

315 2711 377 2771 Non
390 2717 532 2788 appelleris
543 2730 663 2784 susurro,
676 2724 701 2771 et
714 2715 805 2789 linquo
816 2725 862 2772 trra
871 2731 905 2773 ns
915 2713 1039 2786 capieris,
1054 2721 1079 2772 et
1168 2714 1198 2772 st
1216 2716 1382 2772 inclinaveris
1401 2733 1491 2772 norem
1504 2729 1584 2784 taam,
1602 2717 1871 2792 aecipiesdoctriqu
1882 2723 1921 2772 :ei

276 2788 456 2860 conlundaris.
1128 2787 1152 2843 si
1166 2787 1290 2842 dilexeris
1303 2787 1410 2857 audire,
1427 2791 1532 2856 sopiens
1544 2789 1606 2843 eris.

313 2860 400 2925 Super
414 2859 497 2931 iurem
511 2857 581 2914 eninr
594 2867 633 2914 cst
645 2858 767 2930 conlusio
782 2867 807 2914 et
819 2858 983 2928 poenitentia,
999 2866 1023 2913 ei
1034 2857 1079 2912 de·
1166 2853 1200 2914 In
1212 2859 1379 2916 rrntltr'tudine
1391 2860 1596 2932 presbyterorum
1606 2861 1775 2934 prudentium
1788 2871 1836 2926 sta,
1852 2867 1922 2918 usn-

276 2931 376 2987 uotutio
397 2932 509 3001 pessima
533 2945 610 3001 super
632 2929 795 3002 iiiinquem:
809 2930 969 2988 susurratori
992 2939 1079 2986 antem
1130 2929 1235 3003 pientio
1251 2927 1668 3008 iliornmeacordecoujunqere,
1683 2941 1710 2988 ut
1723 2949 1826 2988 omrrern
1840 2947 1922 2986 sarra·
2003 2989 2004 3002 1

277 3003 376 3068 odium,
390 3011 415 3056 et
428 3002 579 3069 inimicitia,
594 3009 619 3056 et
629 3003 798 3057 contumelia.
1130 3001 1225 3061 tionem
1239 2999 1288 3058 tier
1301 3003 1385 3075 possis
1398 3004 1501 3076 audire,
1515 3013 1542 3058 ct
1552 3003 1687 3076 prooerlia
1697 3001 1786 3060 laudis
1801 3021 1851 3061 uon
1863 3003 1922 3072 rili·
2003 3035 2004 3070 5

311 3071 434 3146 luctifico
443 3071 581 3147 pusillum,
590 3082 617 3128 ιι
629 3088 754 3142 orrannum
768 3071 899 3132 siadlitur.
1130 3073 1202 3148 piant
1212 3090 1229 3128 a
1240 3084 1273 3129 te.
2003 3089 2004 3140 ς

1170 3143 1205 3202 lli
1223 3146 1246 3201 si
1266 3143 1364 3204 uideris
1383 3153 1525 3214 sensatum,
1542 3146 1635 3218 erriqila
1649 3145 1685 3215 ad
1699 3163 1758 3204 enus
1774 3163 1783 3202 e
1798 3143 1923 3218 etqrndnr

374 3283 380 3294 .
445 3281 452 3294 .
584 3185 769 3294 ,(ἈΨΠῙ·
861 3279 868 3292 ·
952 3280 959 3293 ‚
1093 3205 1595 3290 Gostiornmilliuseeteratperinsus.

316 3281 381 3338 Nolo
394 3283 451 3366 [ieri
466 3299 514 3355 pro
537 3297 621 3366 anrrcq
643 3297 766 3336 rmmrcus
791 3295 933 3364 proxumo:
949 3296 1080 3366 imprope-
1169 3287 1318 3358 Gnqr'taturn
1333 3299 1404 3346 tuum
1415 3290 1516 3346 iaieirr
1528 3290 1664 3360 preceptis
1675 3287 1736 3358 Dei,
1750 3300 1777 3346 et
1787 3287 1814 3346 iu
1824 3287 1924 3344 mundn-

280 3355 351 3410 rium
364 3371 433 3410 errmr
441 3364 467 3410 et
479 3355 663 3410 cantumelrom
671 3354 757 3409 nulus
769 3352 948 3420 luerednalrt,
958 3364 983 3409 et
995 3371 1080 3410 omnm
1134 3361 1166 3416 ris
1179 3359 1253 3416 iilius
1268 3363 1381 3418 rnaar'nre
1392 3360 1514 3416 assiduus
1528 3371 1583 3416 esto
1599 3377 1609 3416 .·
1622 3371 1645 3417 et
1662 3361 1718 3434 ipse
1731 3359 1804 3421 dalis
1819 3361 1863 3420 tili
1876 3375 1923 3428 cor,

279 3423 751 3554 ριιᾶιὲιὲιωίηευὲιοιῧαῑιἰείιοίἑιρὶιῖἰιὰοω
763 3493 858 3552 “uim
868 3441 927 3553 ’Μ
938 3496 1006 3554 ΝΜ
1021 3506 1066 3555 m
1134 3445 1157 3488 er
1170 3433 1379 3502 concupiscentia
1393 3433 1526 3505 sapientie
1539 3433 1645 3490 daliter
1660 3435 1716 3490 tr'lri.

663 3516 679 3550 α
1069 3526 1081 3538 ι

278 3584 345 3624 rus:
359 3585 390 3623 ne
404 3567 472 3638 {orte
484 3565 600 3624 elidntnr
610 3511 691 3622 sirim
702 3576 749 3624 tua
758 3584 804 3638 per
813 3567 964 3624 stultitiam.

314 3638 350 3694 Et
365 3639 430 3711 solia
443 3648 490 3696 tuo
502 3638 629 3707 conrodat,
649 3651 674 3696 et
687 3638 788 3717 fructus
801 3647 859 3694 tuos
873 3639 981 3710 perdat,
997 3650 1024 3698 ιι
1040 3658 1081 3698 re·
1439 3619 1555 3680 CAPUT
1575 3617 1631 3678 Ἧι·

281 3712 318 3767 lin
337 3711 406 3766 nans
418 3712 485 3768 uelut
497 3712 597 3784 liqnum
609 3709 712 3766 aridum
725 3709 754 3765 in
767 3726 865 3766 eremo.

315 3727 410 3838 drino
429 3783 497 3839 enim
516 3798 626 3854 nequam
646 3779 776 3855 disperdet
798 3780 843 3855 qni
856 3797 884 3838 se
906 3783 999 3852 nater,
1016 3786 1081 3841 etin
1170 3779 1236 3836 Noli
1250 3780 1335 3853 {acere
1349 3779 1430 3846 maio,
1446 3789 1470 3837 et
1484 3795 1537 3836 non
1551 3787 1576 3836 te
1588 3779 1793 3854 apprehendent.

279 3855 405 3926 perediam
419 3855 533 3913 inimicis
545 3855 592 3911 dat
603 3854 725 3922 iilum,et
743 3852 852 3910 deducet
870 3848 899 3909 irs
917 3866 1016 3912 sortem
1030 3856 1081 3913 int-
1170 3847 1280 3907 Discede
1294 3853 1326 3907 ai
1340 3851 1446 3922 iniquo,
1461 3859 1485 3906 et
1496 3851 1617 3921 deficient
1632 3852 1702 3906 rnnln
1715 3851 1763 3905 ais
1777 3862 1811 3908 te.

278 3929 392 3997 piorum.
1171 3923 1236 3988 Fili,
1256 3940 1310 3980 uon
1327 3925 1435 3978 semines
1455 3922 1525 3980 malo
1542 3923 1663 3994 insulsis
1678 3923 1829 3998 injustitie,
1845 3928 1927 3979 cinon

321 3995 432 4052 Verium
444 3997 520 4054 dulce
534 3993 694 4069 multiplicat
710 3997 825 4064 arnicas,
839 4005 863 4055 et
876 3997 979 4068 mitiqat
992 3995 1082 4055 irrir'ni-
1134 4006 1213 4051 metes
1225 4011 1256 4049 ea
1266 3997 1292 4050 in
1304 3995 1462 4066 septupium.

282 4083 345 4124 cos:
359 4078 384 4124 et
398 4069 487 4141 linqua
502 4070 622 4124 euclrarr's
637 4069 665 4122 in
674 4068 741 4124 lano
755 4065 859 4124 learnine
869 4067 994 4124 alurrdat.
1171 4067 1199 4122 Ν
1201 4067 1237 4121 oli
1257 4081 1371 4138 querere
1386 4082 1401 4121 a
1420 4065 1527 4124 doruirro
1545 4067 1678 4137 ducatum,
1695 4083 1778 4141 neque
1792 4083 1809 4122 a
1823 4083 1880 4138 reqe
1890 4081 1929 4122 co·

319 4137 397 4194 datu
414 4139 516 4212 pacifici
527 4140 581 4196 siut
602 4136 664 4208 iiii,
679 4149 703 4196 ιι
717 4135 884 4196 comitiorum
905 4141 939 4196 tlt
953 4140 1081 4206 rotimus
1134 4139 1253 4196 tiredram
1266 4137 1382 4193 lionoris.

282 4209 315 4264 de
326 4211 406 4265 nriile.
1171 4209 1234 4268 Non
1246 4218 1270 4264 te
1278 4211 1411 4281 justifices
1426 4217 1486 4268 unte
1497 4210 1591 4279 lirum,
1621 4211 1726 4268 uoniam
1738 4211 1843 4286 aqrriror
1852 4207 1928 4266 cordis

320 4281 353 4336 Si
367 4282 482 4348 possides
491 4282 616 4348 enricum,
628 4281 659 4336 in
668 4279 807 4341 tertiatione
819 4281 922 4357 posside
932 4298 1000 4353 eum,
1013 4293 1036 4342 et
1046 4301 1081 4340 -ne
1134 4283 1189 4357 ipre
1201 4291 1239 4338 ert
1254 4297 1263 4337 .·
1278 4290 1302 4336 ιι
1316 4298 1393 4350 penes
1404 4298 1489 4368 repens
1504 4279 1559 4338 noli
1573 4229 1638 4338 oeqle
1652 4281 1736 4339 uideri
1748 4283 1863 4356 rapiens.

281 4352 360 4422 [acite
374 4353 464 4408 credor
474 4352 509 4408 ei.
1172 4353 1237 4410 Noli
1255 4367 1369 4424 querere
1389 4354 1447 4424 pieri
1458 4353 1555 4427 indeo,
1572 4355 1622 4410 nisi
1636 4351 1723 4412 paleas
1734 4356 1829 4410 uirtute
1841 4353 1929 4407 irrum-

318 4419 366 4477 Ert
380 4425 451 4477 enirn
462 4423 560 4480 onricus
574 4425 716 4482 secundum
725 4435 825 4498 tenrpur
834 4442 912 4483 sunm
922 4437 948 4484 et
960 4443 1014 4484 non
1023 4445 1080 4500 per·
1135 4443 1195 4496 pere
1209 4425 1356 4497 iniquitates
1369 4441 1379 4480 :
1391 4443 1424 4481 ne
1433 4427 1502 4497 sorte
1512 4427 1661 4484 eatimescar
1672 4428 1765 4500 [aciem
1776 4425 1898 4501 patentis,
1909 4431 1928 4478 et

156 4533 178 4543 2·
281 4495 394 4550 mortalit
409 4495 438 4550 in
450 4495 492 4550 die
501 4495 687 4554 tribulationis.
1134 4515 1218 4572 ponor
1232 4497 1385 4552 scandalum
1399 4499 1427 4554 in
1441 4499 1563 4570 equitate
1573 4507 1629 4552 tun.

319 4564 354 4649 lis
369 4573 407 4622 ert
421 4567 520 4650 amicus
528 4570 574 4638 qui
586 4569 743 4626 conuertitur
756 4569 791 4626 od
803 4569 992 4627 inimicitiam:
1007 4580 1081 4630 otest
1094 4605 1122 4668 D
1171 4567 1199 4625 Ν
1201 4586 1234 4625 on
1253 4584 1339 4642 pecces
1350 4570 1377 4626 in
1389 4569 1581 4626 nrultitudinenr
1594 4567 1704 4627 ciuitatis
1720 4587 1730 4627 .·
1744 4585 1790 4628 nec
1805 4565 1930 4626 teimrnii·

281 4652 382 4694 amrcue
393 4654 437 4708 qur
451 4638 540 4696 odium
551 4651 578 4697 ct
589 4643 685 4710 nuans,
695 4651 720 4696 et
734 4643 851 4698 conuicio
861 4641 1015 4698 denudabit.
1135 4652 1175 4700 ias
1189 4643 1216 4698 in
1229 4641 1353 4714 populum
1369 4657 1378 4696 :

286 4778 293 4792 ι
321 4707 369 4792 Eri
381 4712 577 4793 antemonnricur
590 4715 676 4770 socius
690 4729 786 4770 mucre
796 4732 806 4770 r
815 4723 839 4770 et
852 4730 904 4772 non
917 4713 1080 4786 permanebit
1172 4713 1263 4785 Neque
1280 4713 1372 4788 aiiiqes
1383 4712 1499 4790 dupiicia
1508 4723 1612 4787 peccota
1623 4729 1632 4768 :
1644 4729 1689 4770 nec
1701 4713 1770 4770 enirn
1781 4713 1809 4770 in
1822 4726 1874 4769 uno
1885 4709 1929 4766 eris

282 4795 310 4837 ru
325 4779 369 4836 dre
383 4784 554 4841 necerutatr'r.
1134 4787 1268 4844 immunis.

318 4851 454 4909 Auricursi
465 4859 634 4922 permanserit
643 4856 721 4926 pirus,
731 4857 780 4913 erit
789 4859 836 4915 tili
845 4857 919 4930 quasi
928 4859 1080 4929 coequalis,
1172 4857 1237 4915 Noli
1251 4873 1305 4914 esse
1319 4857 1494 4927 pusillanimis
1508 4857 1632 4914 inanimo
1645 4865 1699 4914 tuo.

283 4931 308 4981 cl
322 4925 350 4979 in
363 4925 510 4981 domesticis
526 4929 578 4984 tuis
591 4927 751 5000 fiducialiter
760 4939 829 5004 aqet.
1171 4929 1300 4996 Exorare,
1312 4937 1334 4986 ei
1346 4928 1434 5056 Iacere
1446 4931 1636 5002 elcemosqrrarn
1648 4945 1679 4986 ue
1691 4929 1833 5004 despiciat·

300 5031 305 5039 ·
319 4994 352 5052 Si
369 4993 544 5054 lrnnriliaoerit
557 5017 584 5056 se
597 5011 688 5059 contra
709 5010 743 5064 te,
759 5011 783 5056 et
802 5019 818 5057 a
834 5001 901 5075 facie
914 5011 960 5060 tua
971 5003 1080 5060 alscon·
1171 5002 1214 5058 Ne
1228 5003 1300 5058 dicas
1320 5016 1330 5057 .·
1364 5019 1379 5056 n
1396 4999 1563 5057 multitudiue
1576 5017 1712 5057 munerum
1724 5017 1842 5060 rrrcoranr
1854 4995 1931 5069 respi-

281 5067 348 5122 derit
360 5084 398 5138 se,
414 5070 561 5125 unanimem
576 5070 680 5127 iniciis
693 5073 834 5130 amicitiam
848 5072 953 5130 ionum.
1136 5075 1185 5132 ciet
1197 5073 1278 5147 lieres,
1299 5082 1323 5130 et
1336 5071 1461 5144 offerente
1481 5089 1521 5130 me
1536 5071 1590 5130 Deo
1604 5073 1742 5146 altissimo,
1758 5087 1867 5130 munero
1879 5083 1931 5124 mco

318 5138 357 5194 Al
370 5141 482 5210 inimicis
493 5142 543 5198 tuis
552 5157 687 5218 reperere,
699 5157 723 5198 er
733 5145 765 5202 al
777 5145 867 5202 anricis
882 5147 933 5200 iuis
945 5146 1060 5202 otterrde.
1134 5147 1269 5220 suscipiet.

282 5278 290 5292 .
318 5209 423 5294 Andcur
437 5212 533 5281 fidelis,
553 5215 679 5283 protectio
697 5217 772 5288 [ortis
789 5233 799 5273 :
817 5217 863 5289 qni
877 5225 965 5275 ouem
982 5217 1081 5274 inuenit
1173 5217 1235 5275 Non
1254 5219 1363 5277 irrideor
1383 5217 1514 5276 lrominem
1533 5217 1561 5273 in
1580 5213 1757 5275 amaritudine
1768 5215 1865 5272 enimn
1876 5227 1885 5266 .·
1898 5217 1931 5266 ιιι

279 5280 477 5366 rllum,·cnuenit
489 5284 649 5343 ideraururu.
1134 5292 1203 5346 enirn
1215 5292 1259 5358 qni
1274 5291 1403 5358 lrurniliai,
1418 5300 1443 5347 ιι
1457 5292 1568 5357 exaltat,
1583 5290 1783 5358 circumspector
1799 5283 1878 5342 Deus.

315 5351 493 5438 Ammo-fideli
500 5357 580 5440 'nullo
594 5370 633 5414 est
652 5360 831 5430 comparatio,
844 5370 871 5414 et
881 5375 934 5416 uon
947 5368 986 5416 est
998 5361 1080 5432 diqnu
1171 5361 1237 5418 Noli
1244 5379 1320 5419 orare
1330 5363 1490 5418 mendacium
1501 5361 1625 5417 aduersus
1635 5360 1740 5431 [rotrern
1751 5368 1826 5413 tuum
1836 5373 1846 5412 :
1856 5367 1932 5425 neque

279 5422 434 5493 ponderatro
446 5443 505 5482 eurr
518 5436 544 5484 et
551 5432 653 5500 arpenti
665 5440 760 5488 contra
771 5429 911 5488 lorsitatent
919 5431 982 5502 fidei
991 5432 1074 5489 iilius.
1132 5434 1160 5490 in
1174 5435 1284 5490 conicum
1298 5434 1418 5490 sinriliter
1443 5435 1526 5490 aciae.

293 5495 537 5580 'Anieasfideiim
552 5500 768 5558 medicamentum
780 5505 839 5559 rite
851 5513 877 5560 et
890 5503 1076 5562 immortalita-
1168 5503 1236 5562 Noli
1253 5504 1317 5564 uelle
1336 5506 1439 5560 mentire
1460 5520 1562 5562 onrnem
1580 5503 1743 5563 mendacium
1763 5515 1775 5558 .·
1794 5495 1931 5555 assiduitas

279 5572 313 5620 trs
324 5581 334 5620 .·
347 5578 371 5652 ep
384 5585 428 5638 qus
441 5579 558 5625 metuunt
568 5571 720 5642 nominum,
734 5576 865 5632 invenient
875 5575 961 5632 illum.
1131 5577 1200 5634 enlm
1219 5579 1290 5635 iliius
1305 5593 1357 5634 non
1371 5586 1409 5632 ert
1422 5577 1499 5633 loro.

317 5636 367 5722 Qut
389 5641 460 5695 timet
481 5639 580 5708 deum,
599 5660 670 5718 reque
683 5643 784 5701 lralreiit
805 5649 946 5703 amicitiam
959 5647 1077 5707 ionum:
1167 5647 1232 5706 Noli
1251 5650 1372 5706 rerlosns
1384 5665 1438 5704 erre
1451 5649 1478 5703 in
1493 5647 1659 5717 mulitudine
1671 5645 1891 5722 precipimur,
1908 5646 1929 5692 rt

277 5723 399 5780 montom
411 5713 552 5767 secundum
566 5711 641 5770 ilium
655 5717 704 5771 erit
716 5720 815 5774 nmicus
827 5719 912 5776 illius.
1022 5719 1026 5725 ’
1129 5735 1180 5776 non
1194 5722 1271 5779 iteres
1285 5723 1387 5777 nerium
1402 5723 1428 5776 in
1442 5719 1561 5775 oratione
1576 5729 1633 5777 tua.

314 5779 385 5867 Fili,
401 5802 418 5838 o
425 5787 561 5869 juventute
573 5795 617 5870 tua
631 5788 721 5860 recipe
735 5791 893 5861 doctrinam,
905 5800 1021 5865 eiusque
1036 5791 1072 5848 ad
1164 5791 1226 5850 Non
1236 5794 1323 5850 odeis
1332 5792 1463 5850 laboriosa
1475 5807 1566 5866 opera,
1578 5801 1603 5848 et
1614 5789 1810 5848 rusticationem
1821 5792 1930 5844 arentum

275 5867 480 5914 cnnosrnnernes
493 5868 660 5929 septentiam.
1127 5862 1320 5923 ntdttndnc.
