4017 6334
253 335 307 396 tat
752 337 783 395 S.
803 335 997 399 titutionis!
1018 335 1132 396 ottltta
1154 337 1394 398 otbttoulluct.
1848 338 1898 396 828

253 456 327 514 tibus
348 455 489 526 lacerem,
503 471 556 516 uec
574 472 733 516 sermonum
748 472 809 516 sese
823 459 943 516 uarietas
963 457 1090 528 impu-A
1106 456 1166 514 loeo
1178 457 1221 514 ubi
1236 458 1271 516 do
1288 457 1392 516 nniute
1406 454 1548 515 Trinitatis
1565 456 1592 514 iu
1612 457 1701 528 prima
1711 455 1825 514 loannis
1840 456 1900 527 Epi·

252 557 350 624 gnaret
364 548 419 624 [di.
435 549 581 609 uarietates
597 547 824 623 impiignareuiii
849 549 898 606 illo
916 546 1057 622 praeeipus
1107 553 1178 608 stola
1201 552 1320 624 positura
1336 551 1462 624 legimus.
1478 550 1506 608 ln
1527 567 1581 624 qua
1598 551 1681 610 etiam
1702 553 1737 610 ub
1750 551 1900 610 inlidelibus

255 715 343 772 larum
356 711 553 769 canonicarum
567 712 701 778 ordinem,
716 725 796 784 quem
809 712 876 765 tanti
888 708 952 766 lecit
966 706 1051 764 laistis

255 787 454 858 Hieronymus,
469 799 561 840 arero
575 785 742 856 Hieronymo
758 784 784 839 lit
800 797 848 837 sua
865 781 986 837 editione
1002 793 1052 835 iio·

255 859 373 930 glectiim
386 855 469 912 luisse
481 855 624 922 nouimus,
645 858 667 909 si
682 853 848 911 cassiodoro
867 853 935 908 lidos
951 850 1052 906 hahea-

256 940 310 987 tur.
325 929 391 985 Ham
405 926 620 982 studiosissimus
633 927 676 982 ιιι
689 924 869 981 Cassiodorus
881 924 968 980 carias
980 921 1053 978 Scri·

275 1012 344 1056 turre
357 1001 456 1057 divium
469 1014 531 1056 eum
547 1000 718 1055 recensuerit
729 997 889 1064 divisiones,
901 1009 1050 1064 nuatqnaut

254 1089 284 1130 tn
297 1073 350 1128 illis
361 1074 485 1128 meminit
495 1072 600 1126 ordinis
615 1069 812 1140 Epistularum,
824 1081 905 1138 quem
919 1065 1054 1135 proprium

232 1186 239 1194 .
255 1153 336 1200 uocat
347 1145 464 1209 scriptor
478 1144 581 1216 prologi
595 1141 725 1209 suspecti.
738 1140 895 1209 Quinimmo
907 1137 991 1192 alium
1012 1136 1054 1190 di-

257 1229 364 1273 uersum
379 1215 457 1270 alleri
467 1216 556 1284 eapite
568 1213 730 1270 duodecimo
742 1213 776 1266 de
798 1210 973 1266 institutione
987 1207 1056 1263 divi·

258 1301 354 1344 aarum
365 1286 530 1340 Litterarum
544 1329 552 1350 ‚
569 1286 647 1356 eujus
660 1284 757 1353 eapitis
772 1283 914 1352 inscriptio
925 1283 976 1334 ista
989 1287 1053 1335 est:

258 1357 357 1414 Diuisio
370 1357 515 1428 Scriptura
533 1357 629 1411 diuinis
649 1355 789 1409 seeundum
809 1351 1010 1426 Hieronymum.
1025 1349 1054 1404 ιιι

259 1431 310 1485 bae
321 1429 405 1499 igitur
418 1430 556 1484 diuisione
573 1426 800 1498 Hierimyrniaua,
817 1439 865 1480 seu
878 1425 1008 1492 Caiialogo
1023 1421 1057 1477 li·

258 1503 370 1559 brorum
384 1501 531 1566 Scripturas
546 1515 651 1561 sacrm,
669 1505 732 1568 post
752 1495 905 1553 rereiisiios
928 1494 1055 1564 Euange-

259 1575 348 1639 llstas,
364 1572 404 1627 sie
417 1574 532 1642 legimus
546 1571 617 1639 apud
627 1569 818 1625 Cassiodoriim
834 1585 841 1622 :
858 1565 922 1622 Post
941 1564 990 1620 lios
1015 1581 1058 1620 se·

257 1642 509 1717 quanturEpistoloe
522 1642 701 1712 apostolorum
714 1655 722 1694 :
737 1639 811 1696 Petri
824 1639 892 1703 dure,
903 1635 1058 1706 Paulique·

259 1717 410 1781 tuorderim,
426 1713 539 1769 loannis
548 1713 707 1781 ires,.laeobi
716 1729 778 1779 aiau,
792 1709 1058 1778 tmaeunnauuinn

259 1788 437 1859 apostolorum
451 1785 693 1850 tuentiterunui,
717 1791 740 1839 et
758 1781 927 1854 Apoealypsis
944 1778 1058 1834 loannis

1103 708 1209 782 legitur,
1225 709 1268 765 lita
1280 727 1380 784 quoque
1392 709 1512 784 dispositi
1525 718 1595 766 satit.
1620 710 1655 765 ht
1671 709 1748 767 initio
1763 709 1825 766 taisi
1843 726 1902 780 pro·

1103 781 1156 852 logi
1183 779 1265 836 aliter
1293 781 1374 838 iidem
1398 796 1494 840 sensus
1518 781 1708 852 exprimuntur
1723 800 1730 838 :
1748 781 1812 838 Non
1836 783 1901 838 idern

1104 854 1168 907 ordo
1179 862 1216 908 est
1230 851 1428 925 apudGriaeas,
1445 854 1489 924 qui
1514 854 1612 926 iuteqre
1633 854 1760 927 sapiunt,
1783 862 1808 910 et
1826 854 1902 924 palem

1104 933 1199 979 rectam
1213 935 1354 992 sectantur,
1372 923 1552 997 Epistularum
1573 935 1678 998 septem,
1695 941 1752 998 quoe
1768 923 1902 982 Caiioairoe

1105 1012 1191 1050 nuncu
1211 1008 1301 1067 aratur,
1313 999 1357 1068 qui
1370 997 1397 1052 in
1410 995 1513 1052 barinis
1526 996 1807 1054 codicibusinaenitur.
1818 995 1902 1066 Quod,

1104 1068 1165 1136 qula
1207 1079 1277 1124 etrus
1289 1071 1389 1142 primus
1399 1079 1437 1124 ert
1447 1070 1473 1124 in
1485 1083 1591 1122 numero
1603 1069 1797 1140 apostolorum,
1815 1070 1902 1140 primae
2002 1099 2003 1122 i

1104 1139 1244 1194 altatarium
1257 1145 1313 1213 ejus
1334 1139 1459 1210 Epistola
1477 1141 1504 1195 ιιι
1526 1139 1615 1195 ordine
1636 1150 1796 1196 catarrum.
1816 1138 1902 1197 Conli-

1106 1210 1202 1266 denter
1216 1210 1304 1266 eliaam
1320 1213 1387 1267 itihil
1399 1227 1460 1268 esse
1475 1213 1500 1268 iit
1516 1221 1573 1267 loto
1584 1211 1631 1266 illo
1646 1213 1798 1270 uerborum
1817 1213 1899 1266 amhi.

1107 1293 1145 1348 ιιι,
1162 1285 1233 1352 qtiod
1250 1282 1368 1352 phrasim
1379 1299 1411 1339 ae
1423 1284 1523 1356 stylum
1539 1283 1625 1352 sapiat
1635 1284 1804 1368 Hieronymi.
1816 1283 1849 1340 Et
1858 1283 1900 1340 iibi

1107 1353 1229 1409 invenias
1241 1357 1311 1422 apitii
1326 1355 1520 1428 Hieronymum
1540 1353 1643 1410 iuHmre
1661 1355 1818 1412 Latinitatis
1841 1355 1903 1410 illud

1107 1425 1256 1498 quodquia?
1268 1425 1406 1482 Abhorret
1420 1441 1533 1498 prorsus
1550 1433 1625 1482 tanta
1641 1425 1783 1484 barbaries
1801 1429 1836 1483 ab
1850 1427 1905 1482 elo·

1107 1499 1217 1565 quentia
1234 1497 1445 1570 Hieronymiaiia
1461 1515 1467 1550 :
1485 1498 1616 1554 abhorret
1627 1508 1655 1554 ct
1673 1499 1730 1570 ipse
1748 1499 1834 1554 tantis
1849 1513 1905 1553 ser-

1110 1583 1219 1622 monum
1233 1571 1316 1636 uitiis,
1329 1585 1389 1640 ipim
1405 1571 1431 1625 iri
1447 1580 1575 1626 contextu
1596 1569 1668 1624 illius
1684 1569 1791 1641 prologi
1806 1570 1904 1636 sicinius

1109 1651 1269 1696 aecurrunt.
1280 1639 1359 1698 Unde
1374 1639 1457 1696 lalsus
1468 1655 1499 1696 ae
1513 1641 1701 1712 supposititius
1720 1643 1784 1709 jure
1806 1642 1905 1697 liaben-

1109 1710 1160 1764 dus
1175 1722 1227 1775 est,
1241 1714 1365 1782 quamtis
1379 1713 1519 1769 Eustachii
1532 1711 1646 1783 uirginis
1672 1713 1708 1768 ibi
1734 1727 1836 1769 nomeu
1861 1729 1905 1768 au-

1110 1781 1210 1837 diatur.
1235 1782 1331 1844 Solent
1354 1784 1427 1840 euim
1451 1783 1692 1854 tergiversatores,
1713 1784 1804 1857 inquit
1829 1785 1906 1840 lalsns

261 1943 294 1987 ao
309 1930 476 2000 Hieronymo
492 1929 631 1998 propriam
647 1924 863 1991 crediderimus,
885 1937 936 1978 nee
947 1921 1059 1978 Cassio·
1113 1923 1185 1980 iniuo
1195 1924 1263 1980 clari
1279 1927 1393 1998 alicujus
1407 1927 1456 1981 riri
1473 1925 1622 1994 Epistulam
1636 1927 1735 1996 lingere
1746 1943 1755 1984 ι
1768 1935 1800 1981 ut
1816 1939 1908 1984 aucto·

262 2003 331 2058 doro
345 2000 491 2057 disserenti
505 1999 655 2067 denegetur
668 1997 754 2061 hdes;
771 1998 945 2064 impostorem
969 1994 1058 2064 prolo-
1113 1995 1178 2050 ritas
1193 1997 1312 2054 nominis
1323 2001 1408 2066 possit
1423 1996 1615 2053 coitimeudare
1630 1998 1703 2067 quod
1719 2013 1768 2068 per
1788 1999 1906 2068 seipsum

261 2073 289 2200 ξι
303 2076 463 2141 scriptorem
480 2073 654 2139 pronuntiare
668 2068 778 2124 luserit.
788 2067 835 2122 His
846 2067 914 2121 adde
925 2079 1057 2146 canonem
1073 2048 1097 2112 Β
1111 2067 1194 2136 recipi
1210 2083 1261 2123 oon
1278 2077 1379 2140 potest.
1392 2068 1432 2126 lta
1446 2071 1497 2123 suli
1511 2069 1622 2125 noiniue
1643 2069 1803 2143 Hieronymi
1826 2070 1907 2126 inulta

285 2147 467 2212 sripturarum
479 2143 549 2207 apim
563 2144 676 2212 dugitst.
691 2141 739 2194 lib.
755 2153 774 2195 ιι
798 2139 833 2195 de
843 2139 967 2192 Hociriua
977 2133 1057 2190 Chri-
1110 2138 1285 2196 inueniuntur
1296 2139 1410 2197 enulleta
1426 2155 1552 2196 successu
1565 2149 1737 2212 temporum,
1751 2157 1817 2213 quaa
1836 2152 1907 2198 tanto

263 2216 361 2276 stiana,
377 2231 401 2268 r.
414 2216 441 2276 8,
457 2213 503 2268 ulii
516 2213 578 2268 talis
594 2220 683 2267 eistat
698 2210 765 2267 ordo
778 2209 958 2281 Epistularum
970 2208 1056 2262 cauu-
1109 2211 1168 2265 uiro
1183 2225 1292 2279 prorsus
1307 2211 1415 2284 indigam
1443 2222 1527 2277 suut,
1551 2227 1603 2267 neu
1628 2215 1701 2268 aetati
1725 2213 1787 2286 ejus
1803 2214 1907 2283 possint

263 2287 386 2341 iiioarum
401 2303 408 2339 ε
424 2284 476 2341 Hir
498 2281 881 2356 quadraqirtiaqriatuorlibrlr
902 2278 1060 2335 Testamenti
1109 2283 1265 2339 contenire.
1294 2281 1323 2338 ln
1350 2282 1458 2339 dnobus
1484 2297 1549 2337 mss.
1575 2281 1715 2340 codicibus
1745 2285 1906 2341 monasterii

267 2357 367 2413 l'eteris
381 2358 532 2410 ierininatur
541 2354 682 2410 auotoritas
698 2352 789 2408 :Noni
802 2360 888 2405 autem
899 2362 1009 2421 quotuor
1024 2349 1058 2404 li·
1110 2354 1199 2408 nostri
1210 2355 1239 2412 S.
1257 2355 1374 2412 Andreae
1387 2369 1466 2411 secus
1478 2351 1666 2422 hueuioiiem,
1685 2356 1736 2412 lios
1757 2357 1843 2412 modo
1867 2359 1905 2410 in-

264 2425 506 2500 utiaminide...
522 2421 1059 2498 quatuordeeimEpistolisl’aulidporto-
1110 2425 1241 2496 scriptuiit
1253 2427 1304 2493 legi
1315 2441 1470 2481 sermonem
1492 2425 1636 2496 quemdam
1655 2425 1689 2483 de
1709 2428 1905 2498 assuniptione

264 2492 945 2567 li....Peiriilrtubus,tributloaunis,unalutloe,
967 2502 1061 2547 eluite
1111 2494 1142 2551 B.
1159 2497 1251 2552 Haris
1267 2496 1312 2554 Vir
1333 2499 1405 2554 inis:
1429 2497 1529 2570 incipit
1548 2513 1631 2552 territo
1658 2497 1726 2554 beuti
1753 2497 1909 2584 Hieronymi

263 2569 367 2636 locati,
380 2570 483 2624 dotibus
493 2568 675 2641 Apostolorum
689 2565 755 2620 libro
768 2581 835 2631 uno,
850 2565 1061 2636 etdpocalypsis
1111 2569 1251 2640 presbyteri
1265 2568 1299 2622 uel
1314 2513 1427 2624 {aulam
1447 2579 1471 2622 ιι
1496 2567 1682 2632 Eustochium,
1703 2579 1728 2626 ei
1743 2571 1780 2625 ad
1800 2574 1840 2626 eir
1858 2589 1909 2624 riter

264 2643 376 2699 loannis
400 2642 464 2696 lilio
482 2657 546 2696 uno.
561 2641 742 2722 itugustiiiuin
761 2645 851 2694 autem
874 2638 935 2708 quis
957 2637 1062 2692 nesciat
1110 2640 1197 2694 rubea
1212 2641 1341 2713 deperires,
1358 2643 1390 2695 de
1402 2641 1584 2711 Assirntprioue
1596 2641 1701 2698 Sancta
1715 2641 1824 2698 Harioe.
1838 2591 1907 2700 iiiiii

265 2715 414 2772 editionem
429 2712 669 2786 Hieronymiauam
688 2727 715 2764 m
734 2725 807 2766 noro
825 2709 1002 2764 Testamenta
1022 2721 1063 2763 se·
1112 2711 1486 2783 ergojiivatinlalsoopcre
1505 2729 1604 2768 nomen
1627 2714 1813 2787 Hieronymi,
1843 2714 1907 2769 tiiltil

265 2785 470 2849 etiiiimluisse,
486 2799 601 2852 carnique
627 2783 735 2838 caeteris
755 2780 883 2837 omuibus
909 2779 1062 2848 praeiuiisse
1112 2783 1284 2854 apostropha
1308 2783 1341 2838 ad
1369 2783 1481 2840 Paulam
1506 2793 1535 2839 ιι
1561 2783 1739 2842 Eustochium
1760 2785 1907 2844 conleruut

265 2855 436 2915 versionibus
452 2854 630 2922 Latinileui
645 2853 759 2922 hiergo,
773 2860 804 2908 ut
816 2852 939 2908 ordinem
956 2849 1063 2918 Episto·
1112 2855 1298 2924 auctoritatis;
1314 2869 1375 2911 aum
1388 2855 1480 2912 uiuitis
1493 2853 1556 2912 allis
1569 2859 1735 2928 argumentis
1749 2857 1828 2914 lraus
1843 2857 1909 2914 sori·

267 2928 356 2985 larum
370 2925 567 2982 Gaisonicarum
584 2926 696 2982 minime
704 2931 814 2980 curaret
828 2922 955 2978 editionis
967 2923 1063 2978 Hiero·
1113 2925 1214 2998 ptiouis
1226 2927 1351 2982 eoiidetre
1365 2942 1396 2982 ae
1409 2927 1589 2997 supposititiae
1605 2929 1824 2985 demonstratur.

269 3002 405 3072 uymiaiuu
421 3007 569 3070 perpetuus
579 2999 717 3054 laudator:
730 2995 919 3066 susquedeque
933 2991 998 3048 illud
1016 2994 1063 3047 lia·
1152 3013 1161 3048 ι
1182 2998 1318 3052 Caeterum
1337 3001 1407 3052 huuc
1419 2998 1559 3070 prologum
1573 3000 1779 3071 supposititium
1801 3001 1909 3058 uomina

269 3072 475 3142 beret,quod,
503 3068 556 3125 lieo
570 3073 690 3144 y'uoanie,
718 3067 885 3123 restituisset
910 3063 1063 3121 catholicus
1114 3067 1271 3140 Hieronymi
1300 3069 1450 3124 itineribuut
1475 3072 1566 3138 iiliires
1588 3085 1654 3128 mss.
1681 3072 1794 3129 codices
1830 3074 1908 3128 etiam

269 3143 426 3214 interpresl
440 3142 505 3198 Plus
520 3141 602 3212 igitur
620 3141 750 3197 momenti
766 3140 793 3194 iu
810 3136 862 3192 hae
877 3136 1063 3206 Epistularum
1113 3140 1228 3210 antiqui.
1245 3137 1419 3196 Corbcieusis
1438 3141 1523 3196 oodex
1539 3157 1612 3198 num.
1634 3143 1671 3198 ιδ
1690 3145 1716 3198 itt
1741 3143 1909 3200 bibliotheca

269 3217 341 3272 serie
356 3217 480 3270 restituta
493 3214 583 3283 posuit
594 3213 698 3284 prologi
707 3211 928 3279 conditor,quam
939 3207 1065 3276 Augusti·
1113 3211 1363 3268 San-Germanensi
1381 3223 1485 3278 nostra,
1502 3214 1589 3269 minio
1617 3215 1723 3270 titulum
1753 3215 1839 3271 istum
1865 3215 1910 3270 de·

254 3286 322 3343 'niis
335 3301 368 3342 aa
383 3287 565 3358 Hieronymus
585 3285 653 3340 loeis
672 3283 763 3338 citatis
780 3282 905 3352 posuisse
924 3278 1065 3348 reperiaii-
1114 3281 1245 3354 scripturn
1262 3285 1360 3339 reiinet
1374 3299 1381 3336 :
1397 3283 1493 3354 litcipit
1508 3283 1637 3358 Prologus
1651 3285 1735 3342 satiati
1757 3283 1910 3360 Hieronymi

271 3366 325 3415 tur.
342 3359 375 3411 Et
386 3357 492 3412 eainob
505 3372 562 3412 reni
573 3351 1062 3423 aliusabllieroiiyinodieendusest,
1114 3355 1265 3427 presbyteri.
1283 3355 1383 3410 Eodem
1400 3357 1480 3411 inodo
1491 3355 1556 3428 legit
1571 3358 1655 3413 codex
1672 3357 1826 3414 bibliorum
1843 3359 1907 3415 Per·

270 3428 394 3501 quisquis
406 3429 513 3483 tandem
531 3427 581 3482 luit
592 3429 638 3498 qui
655 3425 791 3497 proprium
815 3421 994 3504 scriptionem
1008 3423 1065 3491 glo·
1078 3442 1101 3512 c
1116 3427 1254 3497 antiquus,
1271 3427 1317 3496 qui
1329 3440 1400 3482 nuiie
1416 3437 1504 3482 exstat
1517 3429 1543 3482 iit
1560 3425 1718 3484 colbertina
1738 3427 1909 3486 Bibliotheca

271 3502 337 3558 riosi
359 3504 476 3555 tiointuis
496 3503 656 3554 auctoritate
669 3495 815 3552 deletidere
828 3509 860 3550 aa
874 3495 973 3554 lnlcire
988 3507 1064 3562 qun·
1117 3499 1167 3552 sub
1181 3513 1256 3551 unin.
1282 3495 1353 3554 15⁸:
1371 3512 1467 3553 nomeu
1495 3508 1583 3556 tuitien
1608 3498 1766 3572 Hieronymi
1792 3501 1913 3556 sceatuda

270 3573 346 3627 sivit.
362 3571 471 3627 Selinus
484 3572 593 3641 quidem
613 3571 808 3639 Hieronymum
838 3568 866 3622 iu
889 3567 1008 3634 epistola
1031 3565 1064 3620 ad
1118 3582 1200 3623 mauu
1215 3567 1357 3625 rideturin
1368 3583 1401 3624 eo
1416 3569 1561 3640 adjectum.
1578 3571 1605 3626 lu
1616 3572 1802 3627 inssiduobus
1816 3572 1845 3628 S.
1860 3575 1913 3627 dn·

270 3642 426 3710 Paulinum,
439 3645 534 3699 eodeni
548 3643 655 3709 ordine,
666 3657 720 3713 quo
730 3653 801 3695 nune
814 3636 948 3699 hahentur
957 3637 1066 3706 Episto-

272 3714 306 3771 ιιι
321 3715 350 3770 ιιι
365 3714 458 3771 Bibliis
471 3715 640 3779 haiiinurutn,
656 3712 819 3768 disseruisse
829 3702 999 3772 de'laoobo,
1015 3706 1066 3762 Pu·

272 3785 453 3855 trutannus,
469 3799 495 3844 m
506 3785 574 3841 luda
589 3785 730 3858 apostolis.
749 3783 803 3838 Sed
823 3780 895 3836 aliud
911 3794 952 3836 esi
964 3779 1064 3836 seriem

271 3858 398 3930 persequi
417 3860 579 3930 uulgarem,
609 3870 714 3927 usuque
740 3860 896 3923 receptam,
923 3859 972 3907 aut
989 3863 1065 3908 certo

271 3929 344 4000 apud
359 3931 482 3984 diuersos
495 3932 630 3985 diversam
643 3927 730 3984 :aliud
742 3941 886 3980 tuaxtiitum
898 3938 990 3994 operae
1001 3937 1065 3994 prc-

272 4003 339 4057 tium
359 4015 389 4056 se
406 4001 539 4056 laetarum
562 4015 673 4071 sperare
700 4000 725 4052 in
747 3999 919 4052 restitutione
942 3995 1064 4062 ordinis,

270 4075 478 4146 piopriipuiaii,
492 4073 672 4141 Epistularum
682 4071 888 4124 canonicarum.
901 4067 1067 4122 Hoadesuui

272 4144 354 4199 hodio
371 4159 436 4199 inas.
453 4144 670 4208 codieesbaiirii,
695 4143 721 4195 itt
742 4141 840 4210 quibus
861 4138 1006 4210 descriptae
1027 4138 1065 4193 le·

271 4226 373 4287 guntur
387 4216 540 4284 hujusumodi
555 4215 681 4286 Epistulae
691 4213 767 4281 y'uxia
778 4210 880 4265 seriem
895 4209 1064 4274 Graecorum,

272 4286 320 4356 qui
333 4285 405 4341 Petri
416 4285 545 4355 Epistolis
557 4289 672 4358 primuni
684 4285 775 4339 locum
785 4282 914 4337 iribttuat.
926 4278 993 4334 llam
1003 4277 1067 4334 Col·

272 4354 388 4413 beritius
401 4356 573 4412 bibliothecae
584 4359 670 4412 eodex
683 4353 831 4410 bibliorum
843 4365 894 4406 ins.
909 4352 960 4407 sub
971 4365 1066 4406 siume-

271 4441 305 4483 ro
319 4425 374 4482 ita
388 4427 462 4483 liutto
475 4427 598 4484 ordinem
613 4429 741 4482 observat
755 4427 827 4480 intiir
837 4422 988 4479 Catiortieas
1000 4424 1065 4493 Epi·

270 4497 368 4565 stolas,
380 4498 452 4554 Petri
464 4515 492 4565 ii,
509 4500 604 4558 iacobi
619 4515 638 4567 i,
655 4496 767 4554 loannis
780 4511 828 4563 ιιι,
847 4496 925 4552 ludu
940 4509 960 4550 t.
983 4495 1013 4548 ia
1032 4507 1065 4549 eo

272 4578 364 4626 taineii
382 4573 452 4627 libro
471 4574 586 4645 legimus
609 4571 794 4630 testimouium
819 4569 947 4640 Epistulae
972 4565 1067 4639 primae

273 4640 304 4697 Β.
321 4642 445 4710 loannis,
458 4646 504 4702 ubi
517 4649 608 4714 Pater,
623 4644 758 4711 Verbum,
772 4655 800 4701 ei
823 4641 942 4714 Spiritus
956 4648 1066 4693 sanctus

272 4728 357 4770 unum
372 4729 434 4772 esse
446 4717 583 4776 dicuntur.
600 4718 641 4776 Ea
655 4718 698 4776 his
716 4719 826 4788 plautini
850 4727 903 4784 osi,
929 4715 980 4771 uisi
991 4707 1067 4766 iatine

274 4799 326 4843 nos
336 4789 442 4858 opinio,
457 4794 663 4862 ordinatorem,
683 4808 731 4850 seu
752 4794 939 4850 restitutorum
963 4795 1067 4848 ordinis

1118 3640 1191 3697 druso
1202 3655 1282 3696 secus
1293 3640 1471 3707 alieniorem,
1487 3639 1529 3696 bis
1538 3643 1628 3698 verbis
1641 3641 1832 3712 praescribitur
1847 3661 1854 3698 :
1872 3641 1915 3698 ln-

1118 3713 1182 3776 eipit
1195 3710 1322 3786 Prolopnr
1332 3712 1399 3767 beati
1409 3703 1564 3786 Hieronymi
1574 3715 1714 3787 presbyteri
1724 3715 1752 3769 in
1761 3729 1798 3770 ιιι
1809 3713 1915 3780 Episto-

1118 3782 1158 3840 las
1173 3782 1329 3840 Consulens.
1345 3783 1472 3841 Nonnulli
1492 3785 1537 3841 alii
1556 3792 1722 3843 uetustiores
1737 3800 1769 3841 ae
1780 3785 1916 3842 recentio-

1119 3871 1164 3912 res
1176 3854 1313 3912 siittililer.
1327 3857 1425 3911 Ceteri
1441 3864 1531 3912 autem
1551 3859 1655 3930 absque
1674 3860 1787 3913 itomiite
1801 3857 1915 3928 aliettjus

1118 3931 1238 3986 auctnris
1254 3928 1368 3998 :lnaipit
1383 3926 1513 4002 Prologus
1526 3938 1622 4002 repleat
1631 3927 1811 4004 Epistolaruut
1830 3927 1915 3983 Cano·

1119 4003 1246 4084 silentum.
1271 4001 1405 4058 Hactenus
1422 3999 1455 4056 de
1475 4005 1608 4076 prologo,
1629 4017 1662 4059 ac
1680 4001 1715 4057 de
1735 4003 1796 4072 ejus
1821 3997 1917 4058 inseri·

1138 4083 1222 4128 lione.

1119 4090 1135 4145 p
1158 4163 1167 4198 ι
1191 4141 1267 4200 Hune
1283 4143 1482 4218 ircpergamiis
1507 4145 1540 4200 ad
1559 4143 1758 4201 Testimonium
1782 4141 1916 4205 loannis,

1119 4217 1198 4290 cujus
1212 4215 1355 4272 occasione
1366 4215 1445 4271 nobis
1463 4217 1634 4286 conscriptus
1654 4215 1764 4273 ridetur
1787 4215 1919 4285 prologus

1119 4287 1278 4362 suppositus
1297 4287 1474 4360 Hieronymo.
1489 4287 1542 4345 Sed
1567 4287 1705 4344 laciniosae
1724 4285 1920 4356 disputationis

1120 4359 1228 4416 lastidia
1244 4359 1386 4430 lugienies,
1402 4361 1465 4416 etia
1476 4373 1581 4416 arcium
1597 4359 1679 4415 ierha
1690 4357 1919 4429 compingentes.

1120 4445 1264 4488 induemus
1286 4432 1438 4499 lectorem,
1459 4429 1622 4487 uersiculum
1637 4429 1653 4485 7
1669 4441 1763 4502 capu
1790 4427 1922 4498 Epistulae

1121 4501 1222 4560 llieati
1243 4502 1355 4559 loiiinis
1378 4501 1527 4561 desiderari
1552 4505 1578 4557 iri
1609 4503 1701 4556 uiuitis
1723 4499 1921 4556 uetustissimis

1121 4575 1322 4648 exemplaribus
1337 4589 1401 4629 iuss.
1413 4584 1439 4629 ei
1451 4577 1477 4630 iu
1490 4573 1610 4642 pluribus
1622 4570 1742 4644 ejusdem
1756 4569 1851 4626 atatis
1861 4587 1922 4639 sui·

1122 4649 1190 4719 pleri
1208 4649 1240 4701 ad
1253 4649 1389 4721 margines
1402 4644 1533 4701 librorum
1551 4663 1558 4699 ι
1579 4646 1606 4700 ιιι
1628 4642 1836 4700 recentioribus
1861 4655 1922 4698 iero

1121 4735 1228 4792 semper
1242 4719 1349 4781 adesso,
1364 4733 1420 4773 non
1435 4725 1524 4772 tatiieii
1546 4717 1642 4772 eodeni
1668 4715 1781 4782 nidiiie;
1809 4715 1875 4784 quia
1896 4711 1922 4768 iii

1122 4793 1155 4849 iis
1168 4792 1318 4862 saepissime
1331 4791 1479 4846 versiculus
1490 4793 1613 4854 octams,
1629 4785 1721 4856 idest,
1744 4799 1775 4840 ea
1799 4800 1864 4857 quas
1886 4785 1923 4840 le·

274 4872 379 4946 septem
394 4863 578 4936 Epistularum
588 4870 799 4935 canonicarum,
811 4871 992 4938 euriidemquc
1007 4881 1069 4937 pro·
1083 4843 1220 4938 ”guntur
1238 4879 1264 4919 i.
1276 4865 1292 4919 8
1306 4862 1332 4918 in
1349 4859 1461 4933 lliilgaiu
1477 4859 1591 4928 Latina,
1606 4859 1736 4931 precedit
1756 4856 1922 4913 iersieuluiu

275 4935 328 5005 logi
343 4949 502 5008 auctorem,
526 4941 696 5014 Hieronymo
715 4949 795 4997 aetate
815 4940 973 4997 inlerioretit
996 4955 1067 4996 esse.
1122 4933 1358 5008 septiinuuijurta
1372 4943 1584 5004 eoiisequeiiiem
1606 4937 1695 5000 testas
1715 4929 1787 4983 sacri
1804 4927 1923 5000 disposi-

275 5017 295 5079 ι-
315 5026 324 5061 ι
341 5009 399 5064 Juttt
413 5012 437 5066 si
456 5029 490 5068 ex
506 5016 578 5088 stylo
599 5015 730 5083 judicium
746 5012 892 5068 habeamus
913 5011 948 5068 de
959 5019 1071 5066 auctoru
1122 5010 1244 5065 tionem:
1263 5005 1392 5074 Quoniam
1405 5013 1455 5060 tres
1473 5010 1544 5070 sunt,
1558 5003 1603 5076 qui
1613 5001 1789 5058 testimonium
1814 4999 1878 5054 darii
1899 4997 1924 5052 in

276 5084 456 5154 praelationis,
473 5087 545 5142 lraiis
559 5087 632 5144 illico
645 5094 758 5156 apparet
773 5085 799 5139 iu
815 5085 907 5140 uerbis
926 5085 996 5152 ejus.
1012 5083 1070 5138 Non
1123 5089 1215 5136 terra:
1232 5078 1356 5161 Spiritus,
1371 5085 1395 5130 ιι
1408 5092 1486 5147 aqua,
1501 5083 1526 5128 et
1540 5073 1665 5148 sanquis5
1687 5083 1711 5129 et
1730 5071 1757 5126 tii
1778 5078 1832 5127 tres
1848 5085 1924 5125 aniani

277 5156 350 5211 enini
365 5155 604 5232 llierotiyiuiuuuin
632 5159 753 5230 stylum,
779 5164 807 5212 et
833 5155 948 5211 loriuam
971 5155 1073 5226 eloquii
1123 5162 1193 5207 suut.
1212 5151 1243 5206 ιιι
1258 5162 1308 5204 tres
1321 5155 1382 5203 runt
1397 5148 1441 5218 qni
1454 5147 1629 5202 iestiniouium
1641 5145 1705 5199 alaim
1719 5144 1745 5197 ιιι
1766 5143 1832 5198 coelo
1849 5139 1925 5198 :Pa

278 5227 432 5296 exprimere
449 5231 546 5300 potuit,
562 5235 610 5287 sed
624 5233 694 5286 iuter
710 5229 783 5299 ipsas
800 5227 972 5300 prestigias,
988 5239 1017 5281 et
1031 5228 1072 5280 ul·
1125 5235 1174 5290 ter,
1193 5223 1314 5285 Variani,
1331 5229 1355 5274 et
1372 5217 1487 5290 Spiritus
1501 5227 1607 5272 sauctus
1629 5231 1638 5272 .·
1665 5229 1688 5270 ιι
1711 5213 1738 5270 hl
1767 5223 1819 5266 tres
1846 5229 1928 5268 unum

280 5297 364 5352 terius
377 5314 532 5369 personam,
548 5320 599 5372 qna
616 5319 645 5359 so
666 5299 853 5357 fraudulenter
874 5297 976 5364 induit,
993 5298 1073 5368 longe
1124 5305 1194 5350 suut.
1210 5295 1243 5352 Et
1256 5291 1351 5350 eodem
1369 5299 1463 5347 tenure
1478 5286 1618 5344 Trinitatis
1640 5285 1925 5366 incompreheusibilis

280 5367 314 5420 ali
329 5369 493 5444 Hieronymo
517 5378 652 5430 diversum
676 5391 706 5429 se
724 5371 853 5426 ostendit.
875 5369 970 5427 Siniile
991 5367 1075 5426 hahet
1125 5363 1446 5432 testimoniumsupplent
1460 5363 1550 5435 plures
1571 5373 1637 5414 mss.
1659 5357 1768 5412 codices
1791 5357 1926 5423 antiquio·

279 5450 468 5507 argumentum
484 5445 606 5515 praelatio
619 5445 777 5518 Hieronymi
792 5445 817 5498 in
831 5441 1072 5498 duodeeiiniiiinn-
1125 5455 1180 5506 res,
1208 5440 1234 5495 iu
1261 5435 1359 5507 quibus
1384 5433 1466 5500 prima
1488 5431 1660 5486 librariorum
1688 5441 1769 5484 maiiu
1794 5429 1925 5482 ouiissuut

239 5581 246 5586 -
280 5523 326 5564 res
339 5517 496 5584 prophetas,
509 5533 569 5573 euin
584 5515 882 5590 prologosnpposiiitio
905 5515 1027 5586 cjttsdeiii
1043 5513 1070 5570 in
1091 5555 1098 5572 ,
1124 5510 1346 5568 luissediiiinnis.
1363 5505 1414 5560 Hes
1427 5503 1536 5576 quidem
1553 5503 1590 5558 iia
1601 5515 1631 5560 se
1645 5500 1724 5556 titubet
1738 5500 1766 5551 iri
1782 5513 1854 5582 uisa..
1865 5514 1922 5549 nin·
2002 5529 2003 5532 η

279 5591 384 5649 sepiem
396 5585 530 5656 Epistulas
545 5585 713 5656 canonicam
728 5587 875 5644 dissimiles
885 5597 976 5643 autem
992 5586 1073 5657 plina·
1126 5584 1205 5640 nibus
1218 5578 1376 5642 codicibus,
1401 5585 1455 5630 inin
1473 5575 1607 5643 vetuistis,
1630 5579 1687 5627 tum
1708 5569 1928 5654 receptioribus3

280 5664 341 5715 ses,
356 5667 389 5709 ao
406 5659 510 5725 periodi
531 5661 557 5715 lii
578 5670 694 5730 utroipie
717 5660 891 5717 inueniuntur
914 5659 1074 5725 iiianpiales.
1126 5654 1174 5711 sed
1186 5654 1209 5709 si
1225 5649 1429 5708 meminerimus
1440 5645 1852 5717 hujusmodipraeterinissiones
1865 5653 1927 5710 pro·
2002 5657 2003 5744 p

281 5722 360 5780 initio
375 5727 540 5796 praelationis
554 5733 679 5802 getninae
694 5735 730 5788 iia
754 5731 850 5790 scribit
872 5731 1052 5804 Hieronymus
1069 5745 1077 5786 ι
1127 5727 1191 5784 ιιιιι
1205 5725 1292 5797 lapsu,
1307 5732 1336 5778 et
1349 5733 1413 5778 casu
1427 5717 1610 5776 involuntario
1621 5717 1740 5786 irrepere
1761 5711 1834 5798 apud
1860 5708 1928 5766 anti·
2002 5747 2003 5798 p

282 5794 345 5850 ll'on
360 5799 429 5852 iilam
444 5802 699 5858 ordoestiluodeeim
723 5805 906 5876 prophetarum
924 5808 995 5875 apud
1021 5801 1076 5858 He·
1128 5813 1196 5873 quos
1210 5795 1343 5863 notarios,
1357 5791 1461 5848 utillum
1481 5789 1601 5845 movebit
1614 5796 1686 5842 tatiia
1709 5783 1835 5840 codicum
1857 5791 1929 5838 rete·

282 5867 374 5939 ‘mh
388 5875 549 5946 titillatorii
564 5888 621 5931 uos.
642 5873 718 5936 dati
737 5872 880 5936 seeundum
891 5873 934 5948 id,
955 5875 1025 5946 qnod
1045 5875 1079 5934 iti
1129 5887 1191 5934 ruat
1212 5865 1360 5930 discordia.
1381 5863 1456 5924 Hiliil
1477 5860 1550 5924 euim
1563 5857 1670 5922 huillus
1680 5853 1754 5920 locta
1769 5863 1828 5930 est,
1845 5866 1926 5930 quain

2002 1471 2003 1506 l

259 1858 514 1923 litterarius.Qiiaiu
536 1856 668 1913 librorum
693 1856 793 1909 seriem
813 1854 838 1909 si
861 1867 954 1908 reram
976 1864 1058 1918 esse,
1110 1853 1464 1920 Ambrosiusinupisrad
1482 1855 1760 1924 Thessalonicenses,
1786 1857 1840 1911 suli
1861 1871 1906 1912 no·

2002 4411 2003 4454 i

2002 5475 2003 5528 l
