<?xml version="1.0" encoding="UTF-8"?>
<!DOCTYPE html PUBLIC "-//W3C//DTD XHTML 1.0 Transitional//EN"
    "http://www.w3.org/TR/xhtml1/DTD/xhtml1-transitional.dtd">
<html xmlns="http://www.w3.org/1999/xhtml" xml:lang="en" lang="en">
 <head>
  <title>
</title>
<meta http-equiv="Content-Type" content="text/html;charset=utf-8" />
  <meta name='ocr-system' content='tesseract 3.04.00' />
  <meta name='ocr-capabilities' content='ocr_page ocr_carea ocr_par ocr_line ocrx_word'/>
</head>
<body>
  <div class='ocr_page' id='page_1' title='image "./patrologiaecurs140migngoog/patrologiaecurs140migngoog_0304.png"; bbox 0 0 4017 6334; ppageno 0'>
   <div class='ocr_carea' id='block_1_1' title="bbox 267 353 1997 472">
    <p class='ocr_par' dir='ltr' id='par_1_1' title="bbox 267 353 1997 472">
     <span class='ocr_line' id='line_1_1' title="bbox 267 353 1997 472; baseline 0.002 -6"><span class='ocrx_word' id='word_1_1' title='bbox 267 403 321 466; x_wconf 83' lang='lat' dir='ltr'>tra</span> <span class='ocrx_word' id='word_1_2' title='bbox 770 403 800 465; x_wconf 90' lang='lat' dir='ltr'>s.</span> <span class='ocrx_word' id='word_1_3' title='bbox 820 401 1015 464; x_wconf 85' lang='lat' dir='ltr'>ttteuonrtu</span> <span class='ocrx_word' id='word_1_4' title='bbox 1035 402 1151 464; x_wconf 79' lang='lat' dir='ltr'>uivus</span> <span class='ocrx_word' id='word_1_5' title='bbox 1170 401 1407 465; x_wconf 83' lang='lat' dir='ltr'>etuutouuucn.</span> <span class='ocrx_word' id='word_1_6' title='bbox 1736 353 1740 360; x_wconf 38' lang='lat'>⁵</span> <span class='ocrx_word' id='word_1_7' title='bbox 1847 411 1892 472; x_wconf 84' lang='lat' dir='ltr'>rra</span> <span class='ocrx_word' id='word_1_8' title='bbox 1996 361 1997 398; x_wconf 70' lang='lat'>³</span> 
     </span>
    </p>
   </div>
   <div class='ocr_carea' id='block_1_2' title="bbox 269 515 1896 968">
    <p class='ocr_par' dir='ltr' id='par_1_2' title="bbox 269 515 1896 968">
     <span class='ocr_line' id='line_1_2' title="bbox 269 515 1896 595; baseline 0.002 -19"><span class='ocrx_word' id='word_1_9' title='bbox 269 529 348 580; x_wconf 85' lang='lat' dir='ltr'>tener</span> <span class='ocrx_word' id='word_1_10' title='bbox 370 516 464 591; x_wconf 87' lang='lat' dir='ltr'>luerit,</span> <span class='ocrx_word' id='word_1_11' title='bbox 486 525 516 576; x_wconf 88' lang='lat' dir='ltr'>et</span> <span class='ocrx_word' id='word_1_12' title='bbox 542 515 608 586; x_wconf 81' lang='lat' dir='ltr'>lolia</span> <span class='ocrx_word' id='word_1_13' title='bbox 633 527 708 589; x_wconf 83' lang='lat' dir='ltr'>nata,</span> <span class='ocrx_word' id='word_1_14' title='bbox 731 516 809 575; x_wconf 87' lang='lat' dir='ltr'>scitis</span> <span class='ocrx_word' id='word_1_15' title='bbox 834 518 898 590; x_wconf 79' lang='lat' dir='ltr'>quia</span> <span class='ocrx_word' id='word_1_16' title='bbox 922 531 1006 591; x_wconf 86' lang='lat' dir='ltr'>prope</span> <span class='ocrx_word' id='word_1_17' title='bbox 1028 516 1191 582; x_wconf 73' lang='lat' dir='ltr'>estAram.</span> <span class='ocrx_word' id='word_1_18' title='bbox 1222 517 1340 592; x_wconf 71' lang='lat' dir='ltr'>[ecum</span> <span class='ocrx_word' id='word_1_19' title='bbox 1354 515 1396 591; x_wconf 63' lang='lat' dir='ltr'>a]</span> <span class='ocrx_word' id='word_1_20' title='bbox 1421 515 1497 576; x_wconf 80' lang='lat' dir='ltr'>Sicut</span> <span class='ocrx_word' id='word_1_21' title='bbox 1519 517 1592 575; x_wconf 83' lang='lat' dir='ltr'>onim</span> <span class='ocrx_word' id='word_1_22' title='bbox 1613 516 1695 576; x_wconf 89' lang='lat' dir='ltr'>bomo</span> <span class='ocrx_word' id='word_1_23' title='bbox 1708 521 1896 595; x_wconf 77' lang='lat' dir='ltr'>pereprrprul·</span> 
     </span>
     <span class='ocr_line' id='line_1_3' title="bbox 274 610 1894 682; baseline 0.001 -8"><span class='ocrx_word' id='word_1_24' title='bbox 274 623 356 674; x_wconf 81' lang='lat' dir='ltr'>estas</span> <span class='ocrx_word' id='word_1_25' title='bbox 372 614 476 672; x_wconf 88' lang='lat' dir='ltr'>:itaet</span> <span class='ocrx_word' id='word_1_26' title='bbox 492 628 542 672; x_wconf 90' lang='lat' dir='ltr'>rot</span> <span class='ocrx_word' id='word_1_27' title='bbox 556 627 619 672; x_wconf 89' lang='lat' dir='ltr'>cnm</span> <span class='ocrx_word' id='word_1_28' title='bbox 632 612 758 671; x_wconf 78' lang='lat' dir='ltr'>videritis</span> <span class='ocrx_word' id='word_1_29' title='bbox 776 611 837 670; x_wconf 81' lang='lat' dir='ltr'>lrec</span> <span class='ocrx_word' id='word_1_30' title='bbox 850 612 954 682; x_wconf 87' lang='lat' dir='ltr'>omnia,</span> <span class='ocrx_word' id='word_1_31' title='bbox 972 610 1070 669; x_wconf 87' lang='lat' dir='ltr'>scitote</span> <span class='ocrx_word' id='word_1_32' title='bbox 1120 611 1237 680; x_wconf 90' lang='lat' dir='ltr'>cisceus,</span> <span class='ocrx_word' id='word_1_33' title='bbox 1257 612 1366 669; x_wconf 84' lang='lat' dir='ltr'>vocarit</span> <span class='ocrx_word' id='word_1_34' title='bbox 1386 626 1483 669; x_wconf 81' lang='lat' dir='ltr'>servos</span> <span class='ocrx_word' id='word_1_35' title='bbox 1507 627 1582 682; x_wconf 89' lang='lat' dir='ltr'>suos,</span> <span class='ocrx_word' id='word_1_36' title='bbox 1598 621 1626 670; x_wconf 85' lang='lat' dir='ltr'>et</span> <span class='ocrx_word' id='word_1_37' title='bbox 1640 611 1748 670; x_wconf 87' lang='lat' dir='ltr'>tradidit</span> <span class='ocrx_word' id='word_1_38' title='bbox 1770 613 1818 672; x_wconf 88' lang='lat' dir='ltr'>illis</span> <span class='ocrx_word' id='word_1_39' title='bbox 1832 615 1894 676; x_wconf 90' lang='lat' dir='ltr'>bona</span> 
     </span>
     <span class='ocr_line' id='line_1_4' title="bbox 273 704 1896 784; baseline 0.002 -18"><span class='ocrx_word' id='word_1_40' title='bbox 273 709 336 784; x_wconf 77' lang='lat' dir='ltr'>quia</span> <span class='ocrx_word' id='word_1_41' title='bbox 348 723 434 784; x_wconf 90' lang='lat' dir='ltr'>prope</span> <span class='ocrx_word' id='word_1_42' title='bbox 446 716 490 767; x_wconf 87' lang='lat' dir='ltr'>est</span> <span class='ocrx_word' id='word_1_43' title='bbox 502 708 532 766; x_wconf 90' lang='lat' dir='ltr'>ln</span> <span class='ocrx_word' id='word_1_44' title='bbox 543 707 645 782; x_wconf 78' lang='lat' dir='ltr'>ianuis.</span> <span class='ocrx_word' id='word_1_45' title='bbox 661 705 922 775; x_wconf 75' lang='lat' dir='ltr'>Amendioorobit,</span> <span class='ocrx_word' id='word_1_46' title='bbox 936 704 1068 778; x_wconf 78' lang='lat' dir='ltr'>quianon</span> <span class='ocrx_word' id='word_1_47' title='bbox 1121 721 1190 762; x_wconf 87' lang='lat' dir='ltr'>sua:</span> <span class='ocrx_word' id='word_1_48' title='bbox 1206 705 1318 781; x_wconf 60' lang='lat' dir='ltr'>[aeuum</span> <span class='ocrx_word' id='word_1_49' title='bbox 1334 705 1374 779; x_wconf 83' lang='lat'>5.]</span> <span class='ocrx_word' id='word_1_50' title='bbox 1399 707 1433 763; x_wconf 84' lang='lat' dir='ltr'>lit</span> <span class='ocrx_word' id='word_1_51' title='bbox 1450 707 1497 764; x_wconf 90' lang='lat' dir='ltr'>uui</span> <span class='ocrx_word' id='word_1_52' title='bbox 1513 706 1589 765; x_wconf 86' lang='lat' dir='ltr'>dedit</span> <span class='ocrx_word' id='word_1_53' title='bbox 1608 708 1726 780; x_wconf 79' lang='lat' dir='ltr'>quinque</span> <span class='ocrx_word' id='word_1_54' title='bbox 1739 708 1843 783; x_wconf 86' lang='grc' dir='ltr'>ιιΙειιιι,</span> <span class='ocrx_word' id='word_1_55' title='bbox 1856 712 1896 770; x_wconf 89' lang='lat' dir='ltr'>alii</span> 
     </span>
     <span class='ocr_line' id='line_1_5' title="bbox 271 795 1894 878; baseline 0.004 -20"><span class='ocrx_word' id='word_1_56' title='bbox 271 800 423 873; x_wconf 78' lang='lat' dir='ltr'>preteribit</span> <span class='ocrx_word' id='word_1_57' title='bbox 446 801 589 873; x_wconf 79' lang='lat' dir='ltr'>peroratio</span> <span class='ocrx_word' id='word_1_58' title='bbox 604 799 679 872; x_wconf 80' lang='lat' dir='ltr'>bac,</span> <span class='ocrx_word' id='word_1_59' title='bbox 695 799 785 856; x_wconf 89' lang='lat' dir='ltr'>donec</span> <span class='ocrx_word' id='word_1_60' title='bbox 803 795 894 854; x_wconf 87' lang='lat' dir='ltr'>omnia</span> <span class='ocrx_word' id='word_1_61' title='bbox 913 795 972 852; x_wconf 80' lang='lat' dir='ltr'>bec</span> <span class='ocrx_word' id='word_1_62' title='bbox 992 795 1068 852; x_wconf 86' lang='lat' dir='ltr'>liant.</span> <span class='ocrx_word' id='word_1_63' title='bbox 1120 800 1341 870; x_wconf 87' lang='lat' dir='ltr'>autemduo,alii</span> <span class='ocrx_word' id='word_1_64' title='bbox 1356 815 1525 870; x_wconf 79' lang='lat' dir='ltr'>verounum,</span> <span class='ocrx_word' id='word_1_65' title='bbox 1537 801 1894 878; x_wconf 82' lang='lat' dir='ltr'>uuicuiquesecudumpro-</span> 
     </span>
     <span class='ocr_line' id='line_1_6' title="bbox 271 891 1896 968; baseline 0.004 -18"><span class='ocrx_word' id='word_1_66' title='bbox 271 891 379 950; x_wconf 75' lang='lat' dir='ltr'>cotum</span> <span class='ocrx_word' id='word_1_67' title='bbox 393 901 422 949; x_wconf 89' lang='lat' dir='ltr'>et</span> <span class='ocrx_word' id='word_1_68' title='bbox 433 900 505 950; x_wconf 87' lang='lat' dir='ltr'>terra</span> <span class='ocrx_word' id='word_1_69' title='bbox 529 891 695 958; x_wconf 88' lang='lat' dir='ltr'>transibunt,</span> <span class='ocrx_word' id='word_1_70' title='bbox 715 891 798 949; x_wconf 85' lang='lat' dir='ltr'>rerba</span> <span class='ocrx_word' id='word_1_71' title='bbox 818 898 909 948; x_wconf 87' lang='lat' dir='ltr'>autern</span> <span class='ocrx_word' id='word_1_72' title='bbox 931 904 992 946; x_wconf 88' lang='lat' dir='ltr'>mea</span> <span class='ocrx_word' id='word_1_73' title='bbox 1015 903 1069 945; x_wconf 92' lang='lat' dir='ltr'>nou</span> <span class='ocrx_word' id='word_1_74' title='bbox 1119 893 1207 966; x_wconf 83' lang='lat' dir='ltr'>priam</span> <span class='ocrx_word' id='word_1_75' title='bbox 1222 894 1360 962; x_wconf 85' lang='lat' dir='ltr'>uirtutem,</span> <span class='ocrx_word' id='word_1_76' title='bbox 1374 899 1402 952; x_wconf 91' lang='grc' dir='ltr'>ει</span> <span class='ocrx_word' id='word_1_77' title='bbox 1413 894 1550 968; x_wconf 87' lang='lat' dir='ltr'>proiectus</span> <span class='ocrx_word' id='word_1_78' title='bbox 1564 897 1717 953; x_wconf 79' lang='lat' dir='ltr'>eststatim.</span> <span class='ocrx_word' id='word_1_79' title='bbox 1732 895 1803 955; x_wconf 78' lang='lat' dir='ltr'>Abiit</span> <span class='ocrx_word' id='word_1_80' title='bbox 1816 908 1896 957; x_wconf 88' lang='lat' dir='ltr'>autent</span> 
     </span>
    </p>
   </div>
   <div class='ocr_carea' id='block_1_3' title="bbox 277 983 1997 1064">
    <p class='ocr_par' dir='ltr' id='par_1_3' title="bbox 277 983 1997 1064">
     <span class='ocr_line' id='line_1_7' title="bbox 277 983 1997 1064; baseline 0.003 -22"><span class='ocrx_word' id='word_1_81' title='bbox 277 985 468 1057; x_wconf 72' lang='lat' dir='ltr'>preteribant.</span> <span class='ocrx_word' id='word_1_82' title='bbox 489 983 581 1060; x_wconf 62' lang='lat' dir='ltr'>[ccum</span> <span class='ocrx_word' id='word_1_83' title='bbox 597 985 636 1060; x_wconf 82' lang='grc'>6.]</span> <span class='ocrx_word' id='word_1_84' title='bbox 656 986 695 1043; x_wconf 81' lang='lat' dir='ltr'>lle</span> <span class='ocrx_word' id='word_1_85' title='bbox 713 985 759 1042; x_wconf 91' lang='lat' dir='ltr'>die</span> <span class='ocrx_word' id='word_1_86' title='bbox 777 993 867 1041; x_wconf 90' lang='lat' dir='ltr'>antem</span> <span class='ocrx_word' id='word_1_87' title='bbox 889 984 934 1040; x_wconf 86' lang='lat' dir='ltr'>illa</span> <span class='ocrx_word' id='word_1_88' title='bbox 954 993 983 1040; x_wconf 92' lang='grc' dir='ltr'>ει</span> <span class='ocrx_word' id='word_1_89' title='bbox 1003 985 1070 1041; x_wconf 89' lang='lat' dir='ltr'>bora</span> <span class='ocrx_word' id='word_1_90' title='bbox 1120 985 1299 1059; x_wconf 77' lang='lat' dir='ltr'>quiquidque</span> <span class='ocrx_word' id='word_1_91' title='bbox 1313 985 1413 1044; x_wconf 85' lang='lat' dir='ltr'>talenta</span> <span class='ocrx_word' id='word_1_92' title='bbox 1427 989 1894 1062; x_wconf 87' lang='lat' dir='ltr'>acceperat,etoperatusestiueis,</span> <span class='ocrx_word' id='word_1_93' title='bbox 1996 1027 1997 1064; x_wconf 73' lang='lat'>,</span> 
     </span>
    </p>
   </div>
   <div class='ocr_carea' id='block_1_4' title="bbox 271 1075 1897 1346">
    <p class='ocr_par' dir='ltr' id='par_1_4' title="bbox 271 1075 1897 1346">
     <span class='ocr_line' id='line_1_8' title="bbox 271 1075 1895 1154; baseline 0.002 -18"><span class='ocrx_word' id='word_1_94' title='bbox 271 1093 354 1136; x_wconf 86' lang='lat' dir='ltr'>nemo</span> <span class='ocrx_word' id='word_1_95' title='bbox 366 1078 430 1148; x_wconf 90' lang='lat' dir='ltr'>scit,</span> <span class='ocrx_word' id='word_1_96' title='bbox 445 1093 534 1152; x_wconf 83' lang='lat' dir='ltr'>usquo</span> <span class='ocrx_word' id='word_1_97' title='bbox 544 1080 635 1151; x_wconf 71' lang='lat' dir='ltr'>angeli</span> <span class='ocrx_word' id='word_1_98' title='bbox 652 1079 797 1147; x_wconf 83' lang='lat' dir='ltr'>coelorum,</span> <span class='ocrx_word' id='word_1_99' title='bbox 818 1077 872 1135; x_wconf 87' lang='lat' dir='ltr'>nisi</span> <span class='ocrx_word' id='word_1_100' title='bbox 887 1077 963 1134; x_wconf 90' lang='lat' dir='ltr'>solus</span> <span class='ocrx_word' id='word_1_101' title='bbox 974 1075 1068 1134; x_wconf 85' lang='lat' dir='ltr'>Pater.</span> <span class='ocrx_word' id='word_1_102' title='bbox 1120 1088 1148 1136; x_wconf 88' lang='lat' dir='ltr'>et</span> <span class='ocrx_word' id='word_1_103' title='bbox 1161 1078 1281 1135; x_wconf 86' lang='lat' dir='ltr'>lucratus</span> <span class='ocrx_word' id='word_1_104' title='bbox 1294 1087 1338 1137; x_wconf 87' lang='lat' dir='ltr'>est</span> <span class='ocrx_word' id='word_1_105' title='bbox 1351 1079 1404 1136; x_wconf 89' lang='lat' dir='ltr'>alia</span> <span class='ocrx_word' id='word_1_106' title='bbox 1417 1080 1549 1153; x_wconf 78' lang='lat' dir='ltr'>utrinque.</span> <span class='ocrx_word' id='word_1_107' title='bbox 1562 1080 1696 1138; x_wconf 90' lang='lat' dir='ltr'>Similiter</span> <span class='ocrx_word' id='word_1_108' title='bbox 1705 1091 1732 1138; x_wconf 87' lang='lat' dir='ltr'>ot</span> <span class='ocrx_word' id='word_1_109' title='bbox 1741 1082 1785 1154; x_wconf 84' lang='lat' dir='ltr'>qni</span> <span class='ocrx_word' id='word_1_110' title='bbox 1797 1083 1847 1140; x_wconf 93' lang='lat' dir='ltr'>duo</span> <span class='ocrx_word' id='word_1_111' title='bbox 1857 1099 1895 1142; x_wconf 89' lang='lat' dir='ltr'>ac·</span> 
     </span>
     <span class='ocr_line' id='line_1_9' title="bbox 271 1169 1897 1248; baseline 0.002 -17"><span class='ocrx_word' id='word_1_112' title='bbox 271 1171 371 1248; x_wconf 72' lang='lat' dir='ltr'>[ccum</span> <span class='ocrx_word' id='word_1_113' title='bbox 386 1171 428 1248; x_wconf 95' lang='grc'>5.]</span> <span class='ocrx_word' id='word_1_114' title='bbox 442 1171 518 1231; x_wconf 86' lang='lat' dir='ltr'>Sient</span> <span class='ocrx_word' id='word_1_115' title='bbox 530 1182 624 1231; x_wconf 87' lang='lat' dir='ltr'>autem</span> <span class='ocrx_word' id='word_1_116' title='bbox 639 1173 666 1230; x_wconf 90' lang='lat' dir='ltr'>in</span> <span class='ocrx_word' id='word_1_117' title='bbox 682 1172 778 1231; x_wconf 79' lang='lat' dir='ltr'>diebos</span> <span class='ocrx_word' id='word_1_118' title='bbox 790 1172 860 1242; x_wconf 83' lang='lat' dir='ltr'>Noe,</span> <span class='ocrx_word' id='word_1_119' title='bbox 873 1171 972 1230; x_wconf 86' lang='lat' dir='ltr'>itaerit</span> <span class='ocrx_word' id='word_1_120' title='bbox 983 1179 1012 1228; x_wconf 90' lang='lat' dir='ltr'>et</span> <span class='ocrx_word' id='word_1_121' title='bbox 1023 1169 1072 1228; x_wconf 91' lang='lat' dir='ltr'>ad·</span> <span class='ocrx_word' id='word_1_122' title='bbox 1120 1184 1241 1245; x_wconf 84' lang='lat' dir='ltr'>ceperat,</span> <span class='ocrx_word' id='word_1_123' title='bbox 1258 1174 1378 1231; x_wconf 88' lang='lat' dir='ltr'>lucratus</span> <span class='ocrx_word' id='word_1_124' title='bbox 1388 1184 1430 1232; x_wconf 87' lang='grc' dir='ltr'>εει</span> <span class='ocrx_word' id='word_1_125' title='bbox 1442 1174 1494 1232; x_wconf 88' lang='lat' dir='ltr'>alia</span> <span class='ocrx_word' id='word_1_126' title='bbox 1506 1174 1573 1233; x_wconf 82' lang='lat' dir='ltr'>drot</span> <span class='ocrx_word' id='word_1_127' title='bbox 1586 1175 1640 1246; x_wconf 84' lang='lat' dir='ltr'>Qui</span> <span class='ocrx_word' id='word_1_128' title='bbox 1650 1185 1740 1234; x_wconf 89' lang='lat' dir='ltr'>autem</span> <span class='ocrx_word' id='word_1_129' title='bbox 1765 1193 1840 1234; x_wconf 89' lang='lat' dir='ltr'>unum</span> <span class='ocrx_word' id='word_1_130' title='bbox 1858 1194 1897 1235; x_wconf 85' lang='lat' dir='ltr'>ue·</span> 
     </span>
     <span class='ocr_line' id='line_1_10' title="bbox 273 1264 1896 1346; baseline -0.003 -22"><span class='ocrx_word' id='word_1_131' title='bbox 273 1275 373 1325; x_wconf 84' lang='lat' dir='ltr'>tentus</span> <span class='ocrx_word' id='word_1_132' title='bbox 384 1265 445 1324; x_wconf 80' lang='lat' dir='ltr'>Filii</span> <span class='ocrx_word' id='word_1_133' title='bbox 459 1266 587 1324; x_wconf 87' lang='lat' dir='ltr'>bominis.</span> <span class='ocrx_word' id='word_1_134' title='bbox 601 1265 762 1325; x_wconf 75' lang='lat' dir='ltr'>sicutenim</span> <span class='ocrx_word' id='word_1_135' title='bbox 772 1264 1071 1323; x_wconf 85' lang='lat' dir='ltr'>erantiudiebusautc</span> <span class='ocrx_word' id='word_1_136' title='bbox 1121 1282 1243 1345; x_wconf 67' lang='lat' dir='ltr'>ceperat,</span> <span class='ocrx_word' id='word_1_137' title='bbox 1258 1271 1352 1330; x_wconf 62' lang='lat' dir='ltr'>abiens</span> <span class='ocrx_word' id='word_1_138' title='bbox 1373 1270 1443 1328; x_wconf 71' lang='lat' dir='ltr'>rodit</span> <span class='ocrx_word' id='word_1_139' title='bbox 1458 1273 1484 1328; x_wconf 77' lang='lat' dir='ltr'>in</span> <span class='ocrx_word' id='word_1_140' title='bbox 1501 1281 1613 1340; x_wconf 63' lang='lat' dir='ltr'>rernm,</span> <span class='ocrx_word' id='word_1_141' title='bbox 1626 1280 1655 1330; x_wconf 68' lang='lat' dir='ltr'>pp</span> <span class='ocrx_word' id='word_1_142' title='bbox 1667 1272 1806 1330; x_wconf 63' lang='lat' dir='ltr'>appennini</span> <span class='ocrx_word' id='word_1_143' title='bbox 1827 1288 1896 1346; x_wconf 70' lang='lat' dir='ltr'>pepp.</span> 
     </span>
    </p>
   </div>
   <div class='ocr_carea' id='block_1_5' title="bbox 270 1357 1997 1532">
    <p class='ocr_par' dir='ltr' id='par_1_5' title="bbox 270 1357 1997 1532">
     <span class='ocr_line' id='line_1_11' title="bbox 271 1357 1997 1442; baseline 0.005 -25"><span class='ocrx_word' id='word_1_144' title='bbox 271 1361 401 1418; x_wconf 80' lang='lat' dir='ltr'>diluvium</span> <span class='ocrx_word' id='word_1_145' title='bbox 412 1361 590 1420; x_wconf 74' lang='lat' dir='ltr'>comedentes</span> <span class='ocrx_word' id='word_1_146' title='bbox 600 1369 630 1419; x_wconf 90' lang='lat' dir='ltr'>et</span> <span class='ocrx_word' id='word_1_147' title='bbox 637 1361 775 1431; x_wconf 85' lang='lat' dir='ltr'>bibentes,</span> <span class='ocrx_word' id='word_1_148' title='bbox 783 1360 927 1428; x_wconf 85' lang='lat' dir='ltr'>nubentes,</span> <span class='ocrx_word' id='word_1_149' title='bbox 935 1369 962 1415; x_wconf 89' lang='lat' dir='ltr'>et</span> <span class='ocrx_word' id='word_1_150' title='bbox 974 1357 1070 1431; x_wconf 87' lang='lat' dir='ltr'>nuptui</span> <span class='ocrx_word' id='word_1_151' title='bbox 1120 1365 1193 1420; x_wconf 87' lang='lat' dir='ltr'>niam</span> <span class='ocrx_word' id='word_1_152' title='bbox 1214 1363 1317 1421; x_wconf 92' lang='lat' dir='ltr'>domini</span> <span class='ocrx_word' id='word_1_153' title='bbox 1339 1364 1393 1421; x_wconf 90' lang='lat' dir='ltr'>sui.</span> <span class='ocrx_word' id='word_1_154' title='bbox 1408 1364 1473 1422; x_wconf 81' lang='lat' dir='ltr'>Post</span> <span class='ocrx_word' id='word_1_155' title='bbox 1487 1364 1601 1422; x_wconf 90' lang='lat' dir='ltr'>multum</span> <span class='ocrx_word' id='word_1_156' title='bbox 1617 1381 1683 1424; x_wconf 81' lang='lat' dir='ltr'>sero</span> <span class='ocrx_word' id='word_1_157' title='bbox 1698 1368 1823 1438; x_wconf 88' lang='lat' dir='ltr'>temporis</span> <span class='ocrx_word' id='word_1_158' title='bbox 1835 1369 1898 1425; x_wconf 79' lang='lat' dir='ltr'>uertit</span> <span class='ocrx_word' id='word_1_159' title='bbox 1996 1377 1997 1442; x_wconf 64' lang='lat' dir='ltr'>i</span> 
     </span>
     <span class='ocr_line' id='line_1_12' title="bbox 270 1449 1997 1532; baseline 0.004 -21"><span class='ocrx_word' id='word_1_160' title='bbox 270 1453 422 1525; x_wconf 73' lang='lat' dir='ltr'>tradentes,</span> <span class='ocrx_word' id='word_1_161' title='bbox 438 1457 648 1526; x_wconf 72' lang='lat' dir='ltr'>usqueadeone</span> <span class='ocrx_word' id='word_1_162' title='bbox 669 1454 753 1524; x_wconf 90' lang='lat' dir='ltr'>diem,</span> <span class='ocrx_word' id='word_1_163' title='bbox 768 1469 823 1526; x_wconf 83' lang='lat' dir='ltr'>ouo</span> <span class='ocrx_word' id='word_1_164' title='bbox 842 1453 954 1510; x_wconf 80' lang='lat' dir='ltr'>intravit</span> <span class='ocrx_word' id='word_1_165' title='bbox 968 1451 1027 1510; x_wconf 79' lang='lat' dir='ltr'>Noe</span> <span class='ocrx_word' id='word_1_166' title='bbox 1042 1450 1071 1507; x_wconf 75' lang='lat' dir='ltr'>in</span> <span class='ocrx_word' id='word_1_167' title='bbox 1120 1457 1246 1516; x_wconf 88' lang='lat' dir='ltr'>domiuus</span> <span class='ocrx_word' id='word_1_168' title='bbox 1261 1473 1403 1517; x_wconf 86' lang='lat' dir='ltr'>servorum</span> <span class='ocrx_word' id='word_1_169' title='bbox 1419 1460 1539 1527; x_wconf 88' lang='lat' dir='ltr'>illorum,</span> <span class='ocrx_word' id='word_1_170' title='bbox 1554 1469 1583 1518; x_wconf 90' lang='lat' dir='ltr'>et</span> <span class='ocrx_word' id='word_1_171' title='bbox 1597 1461 1688 1532; x_wconf 89' lang='lat' dir='ltr'>posuit</span> <span class='ocrx_word' id='word_1_172' title='bbox 1701 1461 1828 1518; x_wconf 88' lang='lat' dir='ltr'>rationem</span> <span class='ocrx_word' id='word_1_173' title='bbox 1846 1477 1898 1519; x_wconf 88' lang='lat' dir='ltr'>oum</span> <span class='ocrx_word' id='word_1_174' title='bbox 1996 1449 1997 1518; x_wconf 75' lang='lat' dir='ltr'>l</span> 
     </span>
    </p>
   </div>
   <div class='ocr_carea' id='block_1_6' title="bbox 272 1521 1997 1626">
    <p class='ocr_par' dir='ltr' id='par_1_6' title="bbox 272 1521 1997 1626">
     <span class='ocr_line' id='line_1_13' title="bbox 272 1521 1997 1626; baseline -0.002 -21"><span class='ocrx_word' id='word_1_175' title='bbox 272 1560 419 1617; x_wconf 47' lang='lat' dir='ltr'>{renuisti</span> <span class='ocrx_word' id='word_1_176' title='bbox 433 1563 487 1605; x_wconf 84' lang='lat' dir='ltr'>illiti</span> <span class='ocrx_word' id='word_1_177' title='bbox 502 1557 701 1622; x_wconf 69' lang='lat' dir='ltr'>cossttttttirtttli,</span> <span class='ocrx_word' id='word_1_178' title='bbox 718 1549 806 1604; x_wconf 76' lang='lat' dir='ltr'>dotted</span> <span class='ocrx_word' id='word_1_179' title='bbox 830 1546 904 1603; x_wconf 77' lang='lat' dir='ltr'>tottii</span> <span class='ocrx_word' id='word_1_180' title='bbox 924 1544 1070 1613; x_wconf 70' lang='lat' dir='ltr'>dilubium,</span> <span class='ocrx_word' id='word_1_181' title='bbox 1121 1552 1171 1609; x_wconf 73' lang='lat' dir='ltr'>eis.</span> <span class='ocrx_word' id='word_1_182' title='bbox 1187 1552 1220 1609; x_wconf 81' lang='lat' dir='ltr'>El</span> <span class='ocrx_word' id='word_1_183' title='bbox 1243 1551 1436 1626; x_wconf 72' lang='lat' dir='ltr'>accedensqni</span> <span class='ocrx_word' id='word_1_184' title='bbox 1450 1553 1687 1626; x_wconf 69' lang='lat' dir='ltr'>quinqupulppta</span> <span class='ocrx_word' id='word_1_185' title='bbox 1701 1561 1845 1625; x_wconf 68' lang='lat' dir='ltr'>acceperat,</span> <span class='ocrx_word' id='word_1_186' title='bbox 1859 1555 1901 1612; x_wconf 83' lang='lat' dir='ltr'>pl)-</span> <span class='ocrx_word' id='word_1_187' title='bbox 1996 1521 1997 1602; x_wconf 59' lang='lat' dir='ltr'>i</span> 
     </span>
    </p>
   </div>
   <div class='ocr_carea' id='block_1_7' title="bbox 274 1635 1997 1719">
    <p class='ocr_par' dir='ltr' id='par_1_7' title="bbox 274 1635 1997 1719">
     <span class='ocr_line' id='line_1_14' title="bbox 274 1635 1997 1719; baseline -0.003 -20"><span class='ocrx_word' id='word_1_188' title='bbox 274 1640 379 1699; x_wconf 79' lang='lat' dir='ltr'>attulit</span> <span class='ocrx_word' id='word_1_189' title='bbox 397 1655 493 1698; x_wconf 89' lang='lat' dir='ltr'>omnes</span> <span class='ocrx_word' id='word_1_190' title='bbox 514 1658 522 1698; x_wconf 76' lang='lat' dir='ltr'>a</span> <span class='ocrx_word' id='word_1_191' title='bbox 540 1643 578 1699; x_wconf 88' lang='lat' dir='ltr'>ita</span> <span class='ocrx_word' id='word_1_192' title='bbox 596 1643 650 1698; x_wconf 91' lang='lat' dir='ltr'>erit</span> <span class='ocrx_word' id='word_1_193' title='bbox 667 1651 696 1699; x_wconf 93' lang='lat' dir='ltr'>et</span> <span class='ocrx_word' id='word_1_194' title='bbox 713 1640 846 1697; x_wconf 83' lang='lat' dir='ltr'>aduentus</span> <span class='ocrx_word' id='word_1_195' title='bbox 859 1637 922 1696; x_wconf 78' lang='lat' dir='ltr'>Filii</span> <span class='ocrx_word' id='word_1_196' title='bbox 936 1635 1069 1694; x_wconf 90' lang='lat' dir='ltr'>bominis.</span> <span class='ocrx_word' id='word_1_197' title='bbox 1123 1643 1183 1700; x_wconf 81' lang='lat' dir='ltr'>tulit</span> <span class='ocrx_word' id='word_1_198' title='bbox 1199 1643 1251 1700; x_wconf 86' lang='lat' dir='ltr'>alia</span> <span class='ocrx_word' id='word_1_199' title='bbox 1262 1647 1380 1717; x_wconf 81' lang='lat' dir='ltr'>quinque</span> <span class='ocrx_word' id='word_1_200' title='bbox 1404 1644 1514 1716; x_wconf 82' lang='lat' dir='ltr'>talenta,</span> <span class='ocrx_word' id='word_1_201' title='bbox 1528 1644 1624 1702; x_wconf 84' lang='lat' dir='ltr'>diceus</span> <span class='ocrx_word' id='word_1_202' title='bbox 1638 1663 1645 1700; x_wconf 83' lang='lat' dir='ltr'>r</span> <span class='ocrx_word' id='word_1_203' title='bbox 1660 1645 1785 1716; x_wconf 82' lang='lat' dir='ltr'>Domine,</span> <span class='ocrx_word' id='word_1_204' title='bbox 1797 1646 1900 1719; x_wconf 77' lang='lat' dir='ltr'>quinquo</span> <span class='ocrx_word' id='word_1_205' title='bbox 1996 1663 1997 1694; x_wconf 68' lang='lat' dir='ltr'>t</span> 
     </span>
    </p>
   </div>
   <div class='ocr_carea' id='block_1_8' title="bbox 270 1727 1997 2372">
    <p class='ocr_par' dir='ltr' id='par_1_8' title="bbox 270 1727 1997 2372">
     <span class='ocr_line' id='line_1_15' title="bbox 273 1727 1997 1811; baseline 0.002 -19"><span class='ocrx_word' id='word_1_206' title='bbox 273 1734 385 1811; x_wconf 77' lang='lat' dir='ltr'>locun,</span> <span class='ocrx_word' id='word_1_207' title='bbox 401 1734 441 1810; x_wconf 92' lang='grc'>5.]</span> <span class='ocrx_word' id='word_1_208' title='bbox 456 1735 534 1792; x_wconf 89' lang='lat' dir='ltr'>&#39;lunc</span> <span class='ocrx_word' id='word_1_209' title='bbox 547 1736 602 1792; x_wconf 91' lang='lat' dir='ltr'>duo</span> <span class='ocrx_word' id='word_1_210' title='bbox 616 1744 698 1793; x_wconf 86' lang='lat' dir='ltr'>erunt</span> <span class='ocrx_word' id='word_1_211' title='bbox 711 1735 739 1792; x_wconf 89' lang='lat' dir='ltr'>in</span> <span class='ocrx_word' id='word_1_212' title='bbox 753 1749 820 1807; x_wconf 72' lang='lat' dir='ltr'>apro</span> <span class='ocrx_word' id='word_1_213' title='bbox 836 1752 844 1789; x_wconf 83' lang='lat' dir='ltr'>r</span> <span class='ocrx_word' id='word_1_214' title='bbox 861 1747 932 1790; x_wconf 90' lang='lat' dir='ltr'>unus</span> <span class='ocrx_word' id='word_1_215' title='bbox 948 1744 1071 1789; x_wconf 86' lang='lat' dir='ltr'>assume-</span> <span class='ocrx_word' id='word_1_216' title='bbox 1121 1737 1225 1794; x_wconf 81' lang='lat' dir='ltr'>talema</span> <span class='ocrx_word' id='word_1_217' title='bbox 1236 1736 1371 1794; x_wconf 76' lang='lat' dir='ltr'>tradidisti</span> <span class='ocrx_word' id='word_1_218' title='bbox 1386 1737 1464 1808; x_wconf 91' lang='lat' dir='ltr'>milti,</span> <span class='ocrx_word' id='word_1_219' title='bbox 1475 1751 1541 1795; x_wconf 86' lang='lat' dir='ltr'>ecce</span> <span class='ocrx_word' id='word_1_220' title='bbox 1551 1738 1604 1794; x_wconf 87' lang='lat' dir='ltr'>alia</span> <span class='ocrx_word' id='word_1_221' title='bbox 1614 1739 1736 1811; x_wconf 85' lang='lat' dir='ltr'>quinque</span> <span class='ocrx_word' id='word_1_222' title='bbox 1746 1739 1901 1811; x_wconf 88' lang='lat' dir='ltr'>superlucra-</span> <span class='ocrx_word' id='word_1_223' title='bbox 1996 1727 1997 1748; x_wconf 81' lang='lat'>³</span> 
     </span>
     <span class='ocr_line' id='line_1_16' title="bbox 272 1819 1903 1904; baseline -0.004 -10"><span class='ocrx_word' id='word_1_224' title='bbox 272 1837 327 1894; x_wconf 73' lang='lat' dir='ltr'>llll·</span> <span class='ocrx_word' id='word_1_225' title='bbox 343 1835 372 1885; x_wconf 71' lang='lat'>01</span> <span class='ocrx_word' id='word_1_226' title='bbox 389 1842 461 1884; x_wconf 75' lang='grc'><strong>1111111</strong></span> <span class='ocrx_word' id='word_1_227' title='bbox 483 1827 664 1898; x_wconf 80' lang='lat' dir='ltr'>relinquetur.</span> <span class='ocrx_word' id='word_1_228' title='bbox 687 1827 752 1883; x_wconf 65' lang='lat' dir='ltr'>⁰1¹ae</span> <span class='ocrx_word' id='word_1_229' title='bbox 769 1825 905 1883; x_wconf 74' lang='grc'><strong>1101111111</strong></span> <span class='ocrx_word' id='word_1_230' title='bbox 920 1824 947 1879; x_wconf 74' lang='grc'>111</span> <span class='ocrx_word' id='word_1_231' title='bbox 970 1819 1042 1878; x_wconf 73' lang='grc'><strong>1111111</strong></span> <span class='ocrx_word' id='word_1_232' title='bbox 1062 1837 1069 1874; x_wconf 82' lang='lat'>²</span> <span class='ocrx_word' id='word_1_233' title='bbox 1122 1838 1166 1886; x_wconf 84' lang='lat' dir='ltr'>tus</span> <span class='ocrx_word' id='word_1_234' title='bbox 1178 1845 1250 1887; x_wconf 87' lang='lat' dir='ltr'>sum.</span> <span class='ocrx_word' id='word_1_235' title='bbox 1265 1831 1309 1887; x_wconf 80' lang='lat' dir='ltr'>Ait</span> <span class='ocrx_word' id='word_1_236' title='bbox 1320 1830 1358 1887; x_wconf 91' lang='lat' dir='ltr'>illi</span> <span class='ocrx_word' id='word_1_237' title='bbox 1372 1829 1500 1888; x_wconf 90' lang='lat' dir='ltr'>domiuus</span> <span class='ocrx_word' id='word_1_238' title='bbox 1512 1831 1572 1902; x_wconf 77' lang='lat' dir='ltr'>cius</span> <span class='ocrx_word' id='word_1_239' title='bbox 1588 1831 1696 1904; x_wconf 69' lang='lat' dir='ltr'>ebruc,</span> <span class='ocrx_word' id='word_1_240' title='bbox 1718 1847 1794 1889; x_wconf 85' lang='lat' dir='ltr'>serre</span> <span class='ocrx_word' id='word_1_241' title='bbox 1806 1831 1903 1889; x_wconf 89' lang='lat' dir='ltr'>boneet</span> 
     </span>
     <span class='ocr_line' id='line_1_17' title="bbox 273 1907 1901 1998; baseline -0.006 -8"><span class='ocrx_word' id='word_1_242' title='bbox 273 1937 328 1979; x_wconf 76' lang='grc'><strong>11111</strong></span> <span class='ocrx_word' id='word_1_243' title='bbox 349 1931 516 1991; x_wconf 71' lang='grc'><strong>1111111111,</strong></span> <span class='ocrx_word' id='word_1_244' title='bbox 537 1930 567 1980; x_wconf 62' lang='lat' dir='ltr'>ei</span> <span class='ocrx_word' id='word_1_245' title='bbox 584 1938 639 1978; x_wconf 80' lang='grc'><strong>11111</strong></span> <span class='ocrx_word' id='word_1_246' title='bbox 659 1921 842 1993; x_wconf 68' lang='grc' dir='ltr'><strong>1θ111111111111·</strong></span> <span class='ocrx_word' id='word_1_247' title='bbox 863 1927 877 1958; x_wconf 79' lang='lat'>⁸</span> <span class='ocrx_word' id='word_1_248' title='bbox 892 1918 1013 1992; x_wconf 73' lang='grc'><strong>[1111111.</strong></span> <span class='ocrx_word' id='word_1_249' title='bbox 1029 1913 1071 1990; x_wconf 70' lang='grc' dir='ltr'>θ]</span> <span class='ocrx_word' id='word_1_250' title='bbox 1087 1907 1223 1995; x_wconf 80' lang='lat' dir='ltr'>Bttdelis,</span> <span class='ocrx_word' id='word_1_251' title='bbox 1240 1925 1301 1997; x_wconf 87' lang='lat' dir='ltr'>qttia</span> <span class='ocrx_word' id='word_1_252' title='bbox 1322 1941 1404 1998; x_wconf 88' lang='lat' dir='ltr'>super</span> <span class='ocrx_word' id='word_1_253' title='bbox 1418 1940 1502 1997; x_wconf 87' lang='lat' dir='ltr'>pauca</span> <span class='ocrx_word' id='word_1_254' title='bbox 1526 1923 1602 1983; x_wconf 89' lang='lat' dir='ltr'>luisti</span> <span class='ocrx_word' id='word_1_255' title='bbox 1625 1925 1725 1997; x_wconf 89' lang='lat' dir='ltr'>ddelis,</span> <span class='ocrx_word' id='word_1_256' title='bbox 1740 1940 1819 1997; x_wconf 88' lang='lat' dir='ltr'>super</span> <span class='ocrx_word' id='word_1_257' title='bbox 1829 1925 1901 1982; x_wconf 86' lang='lat' dir='ltr'>multa</span> 
     </span>
     <span class='ocr_line' id='line_1_18' title="bbox 271 2015 1902 2092; baseline -0.001 -17"><span class='ocrx_word' id='word_1_258' title='bbox 271 2015 389 2090; x_wconf 80' lang='lat' dir='ltr'>vtpttare</span> <span class='ocrx_word' id='word_1_259' title='bbox 400 2033 478 2092; x_wconf 72' lang='lat' dir='ltr'>erpa,</span> <span class='ocrx_word' id='word_1_260' title='bbox 492 2018 556 2091; x_wconf 85' lang='lat' dir='ltr'>quia</span> <span class='ocrx_word' id='word_1_261' title='bbox 575 2018 687 2077; x_wconf 82' lang='lat' dir='ltr'>nescitis</span> <span class='ocrx_word' id='word_1_262' title='bbox 695 2033 750 2089; x_wconf 84' lang='lat' dir='ltr'>uua</span> <span class='ocrx_word' id='word_1_263' title='bbox 762 2015 830 2074; x_wconf 85' lang='lat' dir='ltr'>bora</span> <span class='ocrx_word' id='word_1_264' title='bbox 842 2015 972 2073; x_wconf 77' lang='lat' dir='ltr'>Dumiutts</span> <span class='ocrx_word' id='word_1_265' title='bbox 982 2022 1073 2070; x_wconf 70' lang='lat' dir='ltr'>telier</span> <span class='ocrx_word' id='word_1_266' title='bbox 1125 2029 1152 2078; x_wconf 90' lang='lat' dir='ltr'>te</span> <span class='ocrx_word' id='word_1_267' title='bbox 1164 2019 1326 2077; x_wconf 90' lang='lat' dir='ltr'>constituam</span> <span class='ocrx_word' id='word_1_268' title='bbox 1340 2035 1348 2086; x_wconf 88' lang='lat'>;</span> <span class='ocrx_word' id='word_1_269' title='bbox 1360 2019 1430 2075; x_wconf 89' lang='lat' dir='ltr'>iutra</span> <span class='ocrx_word' id='word_1_270' title='bbox 1444 2017 1609 2091; x_wconf 79' lang='lat' dir='ltr'>ingaudium</span> <span class='ocrx_word' id='word_1_271' title='bbox 1620 2019 1725 2076; x_wconf 90' lang='lat' dir='ltr'>domini</span> <span class='ocrx_word' id='word_1_272' title='bbox 1736 2019 1784 2076; x_wconf 92' lang='lat' dir='ltr'>tui.</span> <span class='ocrx_word' id='word_1_273' title='bbox 1796 2017 1902 2076; x_wconf 79' lang='lat' dir='ltr'>decessit</span> 
     </span>
     <span class='ocr_line' id='line_1_19' title="bbox 273 2105 1902 2188; baseline -0.001 -19"><span class='ocrx_word' id='word_1_274' title='bbox 273 2119 405 2169; x_wconf 87' lang='lat' dir='ltr'>tenturus</span> <span class='ocrx_word' id='word_1_275' title='bbox 418 2113 465 2168; x_wconf 92' lang='lat' dir='ltr'>sit.</span> <span class='ocrx_word' id='word_1_276' title='bbox 483 2112 603 2188; x_wconf 76' lang='lat' dir='ltr'>imerus,</span> <span class='ocrx_word' id='word_1_277' title='bbox 620 2110 661 2185; x_wconf 70' lang='lat'>2]</span> <span class='ocrx_word' id='word_1_278' title='bbox 679 2109 749 2167; x_wconf 94' lang='lat' dir='ltr'>lllud</span> <span class='ocrx_word' id='word_1_279' title='bbox 766 2120 857 2167; x_wconf 89' lang='lat' dir='ltr'>autem</span> <span class='ocrx_word' id='word_1_280' title='bbox 876 2108 985 2175; x_wconf 87' lang='lat' dir='ltr'>scitote,</span> <span class='ocrx_word' id='word_1_281' title='bbox 1005 2121 1072 2179; x_wconf 86' lang='lat' dir='ltr'>quo·</span> <span class='ocrx_word' id='word_1_282' title='bbox 1124 2120 1253 2171; x_wconf 83' lang='lat' dir='ltr'>tutemet</span> <span class='ocrx_word' id='word_1_283' title='bbox 1264 2113 1311 2184; x_wconf 82' lang='lat' dir='ltr'>qui</span> <span class='ocrx_word' id='word_1_284' title='bbox 1324 2105 1380 2168; x_wconf 89' lang='lat' dir='ltr'>duo</span> <span class='ocrx_word' id='word_1_285' title='bbox 1391 2113 1492 2169; x_wconf 86' lang='lat' dir='ltr'>talenta</span> <span class='ocrx_word' id='word_1_286' title='bbox 1505 2121 1659 2184; x_wconf 86' lang='lat' dir='ltr'>acceperut,</span> <span class='ocrx_word' id='word_1_287' title='bbox 1672 2121 1703 2170; x_wconf 90' lang='lat' dir='ltr'>et</span> <span class='ocrx_word' id='word_1_288' title='bbox 1714 2113 1753 2170; x_wconf 89' lang='lat' dir='ltr'>ait</span> <span class='ocrx_word' id='word_1_289' title='bbox 1769 2131 1777 2169; x_wconf 85' lang='lat' dir='ltr'>r</span> <span class='ocrx_word' id='word_1_290' title='bbox 1792 2111 1902 2179; x_wconf 82' lang='lat' dir='ltr'>bomine,</span> 
     </span>
     <span class='ocr_line' id='line_1_20' title="bbox 270 2202 1902 2280; baseline -0.001 -18"><span class='ocrx_word' id='word_1_291' title='bbox 270 2205 344 2262; x_wconf 85' lang='lat' dir='ltr'>uiam</span> <span class='ocrx_word' id='word_1_292' title='bbox 362 2206 386 2264; x_wconf 89' lang='lat' dir='ltr'>si</span> <span class='ocrx_word' id='word_1_293' title='bbox 405 2205 489 2264; x_wconf 86' lang='lat' dir='ltr'>sciret</span> <span class='ocrx_word' id='word_1_294' title='bbox 509 2205 703 2280; x_wconf 88' lang='lat' dir='ltr'>paterlamilias</span> <span class='ocrx_word' id='word_1_295' title='bbox 719 2220 771 2278; x_wconf 81' lang='lat' dir='ltr'>qua</span> <span class='ocrx_word' id='word_1_296' title='bbox 790 2203 856 2261; x_wconf 85' lang='lat' dir='ltr'>ltora</span> <span class='ocrx_word' id='word_1_297' title='bbox 876 2202 920 2260; x_wconf 86' lang='lat' dir='ltr'>lur</span> <span class='ocrx_word' id='word_1_298' title='bbox 940 2212 1073 2259; x_wconf 80' lang='lat' dir='ltr'>tenturus</span> <span class='ocrx_word' id='word_1_299' title='bbox 1123 2203 1178 2260; x_wconf 92' lang='lat' dir='ltr'>duo</span> <span class='ocrx_word' id='word_1_300' title='bbox 1201 2204 1301 2261; x_wconf 84' lang='lat' dir='ltr'>talenta</span> <span class='ocrx_word' id='word_1_301' title='bbox 1317 2203 1451 2262; x_wconf 75' lang='lat' dir='ltr'>tradidisti</span> <span class='ocrx_word' id='word_1_302' title='bbox 1471 2205 1547 2271; x_wconf 83' lang='lat' dir='ltr'>milti,</span> <span class='ocrx_word' id='word_1_303' title='bbox 1566 2218 1633 2262; x_wconf 87' lang='lat' dir='ltr'>ecce</span> <span class='ocrx_word' id='word_1_304' title='bbox 1647 2204 1702 2263; x_wconf 84' lang='lat' dir='ltr'>alia</span> <span class='ocrx_word' id='word_1_305' title='bbox 1723 2205 1776 2262; x_wconf 93' lang='lat' dir='ltr'>duo</span> <span class='ocrx_word' id='word_1_306' title='bbox 1800 2203 1902 2262; x_wconf 83' lang='lat' dir='ltr'>lucratus</span> 
     </span>
     <span class='ocr_line' id='line_1_21' title="bbox 272 2293 1901 2372; baseline -0.002 -16"><span class='ocrx_word' id='word_1_307' title='bbox 272 2308 357 2368; x_wconf 88' lang='lat' dir='ltr'>esset,</span> <span class='ocrx_word' id='word_1_308' title='bbox 370 2298 496 2371; x_wconf 70' lang='lat' dir='ltr'>vigilaret</span> <span class='ocrx_word' id='word_1_309' title='bbox 504 2299 609 2372; x_wconf 82' lang='lat' dir='ltr'>utique,</span> <span class='ocrx_word' id='word_1_310' title='bbox 624 2307 653 2356; x_wconf 90' lang='lat' dir='ltr'>et</span> <span class='ocrx_word' id='word_1_311' title='bbox 666 2313 722 2355; x_wconf 91' lang='lat' dir='ltr'>uon</span> <span class='ocrx_word' id='word_1_312' title='bbox 732 2298 833 2354; x_wconf 88' lang='lat' dir='ltr'>siucret</span> <span class='ocrx_word' id='word_1_313' title='bbox 849 2295 952 2369; x_wconf 89' lang='lat' dir='ltr'>periodi</span> <span class='ocrx_word' id='word_1_314' title='bbox 960 2293 1072 2352; x_wconf 91' lang='lat' dir='ltr'>domum</span> <span class='ocrx_word' id='word_1_315' title='bbox 1123 2310 1195 2354; x_wconf 84' lang='lat' dir='ltr'>sunt.</span> <span class='ocrx_word' id='word_1_316' title='bbox 1211 2297 1256 2354; x_wconf 78' lang='lat' dir='ltr'>Ait</span> <span class='ocrx_word' id='word_1_317' title='bbox 1270 2297 1309 2352; x_wconf 94' lang='lat' dir='ltr'>illi</span> <span class='ocrx_word' id='word_1_318' title='bbox 1324 2295 1451 2354; x_wconf 89' lang='lat' dir='ltr'>dominus</span> <span class='ocrx_word' id='word_1_319' title='bbox 1461 2297 1521 2370; x_wconf 85' lang='lat' dir='ltr'>ejus</span> <span class='ocrx_word' id='word_1_320' title='bbox 1538 2313 1545 2352; x_wconf 92' lang='lat'><strong>:</strong></span> <span class='ocrx_word' id='word_1_321' title='bbox 1561 2297 1646 2370; x_wconf 79' lang='lat' dir='ltr'>Euge,</span> <span class='ocrx_word' id='word_1_322' title='bbox 1664 2312 1746 2356; x_wconf 82' lang='lat' dir='ltr'>serus</span> <span class='ocrx_word' id='word_1_323' title='bbox 1759 2297 1827 2355; x_wconf 90' lang='lat' dir='ltr'>bone</span> <span class='ocrx_word' id='word_1_324' title='bbox 1839 2306 1863 2354; x_wconf 90' lang='lat' dir='ltr'>et</span> <span class='ocrx_word' id='word_1_325' title='bbox 1873 2295 1901 2352; x_wconf 89' lang='lat' dir='ltr'>d-</span> 
     </span>
    </p>
   </div>
   <div class='ocr_carea' id='block_1_9' title="bbox 271 2388 1997 2662">
    <p class='ocr_par' dir='ltr' id='par_1_9' title="bbox 271 2388 1997 2662">
     <span class='ocr_line' id='line_1_22' title="bbox 272 2388 1997 2465; baseline -0.003 -13"><span class='ocrx_word' id='word_1_326' title='bbox 272 2409 363 2452; x_wconf 89' lang='lat' dir='ltr'>tuam.</span> <span class='ocrx_word' id='word_1_327' title='bbox 377 2391 444 2451; x_wconf 90' lang='lat' dir='ltr'>ldeo</span> <span class='ocrx_word' id='word_1_328' title='bbox 456 2403 486 2451; x_wconf 91' lang='lat' dir='ltr'>et</span> <span class='ocrx_word' id='word_1_329' title='bbox 506 2407 556 2451; x_wconf 88' lang='lat' dir='ltr'>ros</span> <span class='ocrx_word' id='word_1_330' title='bbox 574 2400 664 2450; x_wconf 87' lang='lat' dir='ltr'>estote</span> <span class='ocrx_word' id='word_1_331' title='bbox 684 2393 770 2465; x_wconf 88' lang='lat' dir='ltr'>parati</span> <span class='ocrx_word' id='word_1_332' title='bbox 785 2411 792 2448; x_wconf 83' lang='lat' dir='ltr'><strong><em>z</em></strong></span> <span class='ocrx_word' id='word_1_333' title='bbox 805 2390 870 2463; x_wconf 77' lang='lat' dir='ltr'>quia</span> <span class='ocrx_word' id='word_1_334' title='bbox 887 2405 940 2462; x_wconf 85' lang='lat' dir='ltr'>qua</span> <span class='ocrx_word' id='word_1_335' title='bbox 961 2388 1074 2448; x_wconf 86' lang='lat' dir='ltr'>nescitis</span> <span class='ocrx_word' id='word_1_336' title='bbox 1123 2389 1203 2460; x_wconf 85' lang='lat' dir='ltr'>dolis,</span> <span class='ocrx_word' id='word_1_337' title='bbox 1219 2389 1283 2462; x_wconf 85' lang='lat' dir='ltr'>quia</span> <span class='ocrx_word' id='word_1_338' title='bbox 1295 2405 1378 2462; x_wconf 87' lang='lat' dir='ltr'>super</span> <span class='ocrx_word' id='word_1_339' title='bbox 1391 2405 1476 2462; x_wconf 89' lang='lat' dir='ltr'>pauca</span> <span class='ocrx_word' id='word_1_340' title='bbox 1488 2389 1562 2448; x_wconf 89' lang='lat' dir='ltr'>luisti</span> <span class='ocrx_word' id='word_1_341' title='bbox 1582 2389 1682 2460; x_wconf 85' lang='lat' dir='ltr'>ddelis,</span> <span class='ocrx_word' id='word_1_342' title='bbox 1703 2407 1784 2464; x_wconf 89' lang='lat' dir='ltr'>super</span> <span class='ocrx_word' id='word_1_343' title='bbox 1794 2391 1869 2448; x_wconf 88' lang='lat' dir='ltr'>multa</span> <span class='ocrx_word' id='word_1_344' title='bbox 1880 2400 1901 2447; x_wconf 87' lang='grc' dir='ltr'>ιε</span> <span class='ocrx_word' id='word_1_345' title='bbox 1996 2425 1997 2428; x_wconf 56' lang='lat'><em>=</em></span> 
     </span>
     <span class='ocr_line' id='line_1_23' title="bbox 272 2481 1997 2560; baseline -0.002 -16"><span class='ocrx_word' id='word_1_346' title='bbox 272 2488 340 2545; x_wconf 89' lang='lat' dir='ltr'>lrora</span> <span class='ocrx_word' id='word_1_347' title='bbox 358 2485 433 2544; x_wconf 87' lang='lat' dir='ltr'>lilius</span> <span class='ocrx_word' id='word_1_348' title='bbox 452 2486 572 2545; x_wconf 88' lang='lat' dir='ltr'>bominis</span> <span class='ocrx_word' id='word_1_349' title='bbox 590 2495 722 2544; x_wconf 85' lang='lat' dir='ltr'>tenturus</span> <span class='ocrx_word' id='word_1_350' title='bbox 740 2493 793 2543; x_wconf 89' lang='lat' dir='ltr'>est.</span> <span class='ocrx_word' id='word_1_351' title='bbox 811 2483 920 2560; x_wconf 73' lang='grc' dir='ltr'>[εειιι.</span> <span class='ocrx_word' id='word_1_352' title='bbox 934 2482 975 2558; x_wconf 84' lang='grc'>5.]</span> <span class='ocrx_word' id='word_1_353' title='bbox 994 2481 1072 2553; x_wconf 74' lang='lat' dir='ltr'>Quis,</span> <span class='ocrx_word' id='word_1_354' title='bbox 1124 2485 1304 2552; x_wconf 68' lang='lat' dir='ltr'>constituam</span> <span class='ocrx_word' id='word_1_355' title='bbox 1320 2481 1391 2540; x_wconf 87' lang='lat' dir='ltr'>intra</span> <span class='ocrx_word' id='word_1_356' title='bbox 1413 2484 1440 2540; x_wconf 94' lang='lat' dir='ltr'>iu</span> <span class='ocrx_word' id='word_1_357' title='bbox 1454 2484 1581 2554; x_wconf 71' lang='lat' dir='ltr'>gaudium</span> <span class='ocrx_word' id='word_1_358' title='bbox 1597 2483 1702 2542; x_wconf 93' lang='lat' dir='ltr'>domiui</span> <span class='ocrx_word' id='word_1_359' title='bbox 1715 2486 1763 2542; x_wconf 91' lang='lat' dir='ltr'>tui.</span> <span class='ocrx_word' id='word_1_360' title='bbox 1778 2485 1908 2544; x_wconf 75' lang='lat' dir='ltr'>amedeus·</span> <span class='ocrx_word' id='word_1_361' title='bbox 1996 2499 1997 2540; x_wconf 67' lang='lat' dir='ltr'>t</span> 
     </span>
     <span class='ocr_line' id='line_1_24' title="bbox 271 2573 1997 2662; baseline -0.001 -27"><span class='ocrx_word' id='word_1_362' title='bbox 271 2588 361 2654; x_wconf 85' lang='lat' dir='ltr'>putat,</span> <span class='ocrx_word' id='word_1_363' title='bbox 376 2586 420 2637; x_wconf 89' lang='lat' dir='ltr'>est</span> <span class='ocrx_word' id='word_1_364' title='bbox 430 2577 520 2637; x_wconf 90' lang='lat' dir='ltr'>ddelis</span> <span class='ocrx_word' id='word_1_365' title='bbox 533 2592 641 2647; x_wconf 82' lang='lat' dir='ltr'>sertus,</span> <span class='ocrx_word' id='word_1_366' title='bbox 654 2586 683 2634; x_wconf 90' lang='lat' dir='ltr'>et</span> <span class='ocrx_word' id='word_1_367' title='bbox 694 2575 826 2649; x_wconf 83' lang='lat' dir='ltr'>prudeus,</span> <span class='ocrx_word' id='word_1_368' title='bbox 836 2591 918 2649; x_wconf 82' lang='lat' dir='ltr'>quem</span> <span class='ocrx_word' id='word_1_369' title='bbox 930 2573 1075 2633; x_wconf 88' lang='lat' dir='ltr'>coustituit</span> <span class='ocrx_word' id='word_1_370' title='bbox 1124 2586 1215 2635; x_wconf 89' lang='lat' dir='ltr'>autem</span> <span class='ocrx_word' id='word_1_371' title='bbox 1231 2577 1318 2649; x_wconf 88' lang='lat' dir='ltr'>etqui</span> <span class='ocrx_word' id='word_1_372' title='bbox 1343 2592 1425 2634; x_wconf 92' lang='lat' dir='ltr'>unum</span> <span class='ocrx_word' id='word_1_373' title='bbox 1451 2576 1580 2635; x_wconf 84' lang='lat' dir='ltr'>talentum</span> <span class='ocrx_word' id='word_1_374' title='bbox 1604 2590 1760 2650; x_wconf 88' lang='lat' dir='ltr'>acceperut,</span> <span class='ocrx_word' id='word_1_375' title='bbox 1786 2580 1822 2635; x_wconf 88' lang='lat' dir='ltr'>eit</span> <span class='ocrx_word' id='word_1_376' title='bbox 1835 2597 1841 2634; x_wconf 92' lang='lat'><strong>:</strong></span> <span class='ocrx_word' id='word_1_377' title='bbox 1855 2579 1902 2634; x_wconf 84' lang='lat' dir='ltr'>lio·</span> <span class='ocrx_word' id='word_1_378' title='bbox 1996 2583 1997 2662; x_wconf 51' lang='lat' dir='ltr'>j</span> 
     </span>
    </p>
   </div>
   <div class='ocr_carea' id='block_1_10' title="bbox 270 2667 1997 3121">
    <p class='ocr_par' dir='ltr' id='par_1_10' title="bbox 270 2667 1997 3121">
     <span class='ocr_line' id='line_1_25' title="bbox 270 2667 1997 2754; baseline -0.004 -24"><span class='ocrx_word' id='word_1_379' title='bbox 270 2672 401 2730; x_wconf 87' lang='lat' dir='ltr'>dominus</span> <span class='ocrx_word' id='word_1_380' title='bbox 414 2685 484 2728; x_wconf 89' lang='lat' dir='ltr'>suus</span> <span class='ocrx_word' id='word_1_381' title='bbox 497 2685 581 2743; x_wconf 89' lang='lat' dir='ltr'>super</span> <span class='ocrx_word' id='word_1_382' title='bbox 594 2668 726 2726; x_wconf 87' lang='lat' dir='ltr'>lauriliarn</span> <span class='ocrx_word' id='word_1_383' title='bbox 746 2684 840 2737; x_wconf 88' lang='lat' dir='ltr'>suant,</span> <span class='ocrx_word' id='word_1_384' title='bbox 856 2677 887 2726; x_wconf 89' lang='lat' dir='ltr'>ut</span> <span class='ocrx_word' id='word_1_385' title='bbox 906 2668 953 2726; x_wconf 88' lang='lat' dir='ltr'>det</span> <span class='ocrx_word' id='word_1_386' title='bbox 968 2668 1023 2725; x_wconf 90' lang='lat' dir='ltr'>illis</span> <span class='ocrx_word' id='word_1_387' title='bbox 1035 2669 1074 2726; x_wconf 86' lang='lat' dir='ltr'>ci·</span> <span class='ocrx_word' id='word_1_388' title='bbox 1123 2669 1208 2738; x_wconf 90' lang='lat' dir='ltr'>mine,</span> <span class='ocrx_word' id='word_1_389' title='bbox 1224 2667 1352 2742; x_wconf 82' lang='lat' dir='ltr'>scioquia</span> <span class='ocrx_word' id='word_1_390' title='bbox 1365 2669 1447 2726; x_wconf 91' lang='lat' dir='ltr'>homo</span> <span class='ocrx_word' id='word_1_391' title='bbox 1466 2669 1551 2726; x_wconf 89' lang='lat' dir='ltr'>durus</span> <span class='ocrx_word' id='word_1_392' title='bbox 1561 2685 1601 2740; x_wconf 89' lang='lat' dir='ltr'>es,</span> <span class='ocrx_word' id='word_1_393' title='bbox 1616 2670 1698 2728; x_wconf 87' lang='lat' dir='ltr'>ruetis</span> <span class='ocrx_word' id='word_1_394' title='bbox 1709 2671 1753 2727; x_wconf 93' lang='lat' dir='ltr'>ubi</span> <span class='ocrx_word' id='word_1_395' title='bbox 1767 2685 1817 2727; x_wconf 91' lang='lat' dir='ltr'>nou</span> <span class='ocrx_word' id='word_1_396' title='bbox 1833 2669 1903 2726; x_wconf 85' lang='lat' dir='ltr'>semi·</span> <span class='ocrx_word' id='word_1_397' title='bbox 1996 2671 1997 2754; x_wconf 67' lang='lat' dir='ltr'>l</span> 
     </span>
     <span class='ocr_line' id='line_1_26' title="bbox 272 2757 1997 2838; baseline -0.004 -13"><span class='ocrx_word' id='word_1_398' title='bbox 272 2767 339 2825; x_wconf 86' lang='lat' dir='ltr'>bum</span> <span class='ocrx_word' id='word_1_399' title='bbox 359 2766 388 2822; x_wconf 93' lang='lat' dir='ltr'>iu</span> <span class='ocrx_word' id='word_1_400' title='bbox 402 2764 550 2838; x_wconf 73' lang='lat' dir='ltr'>tempore?</span> <span class='ocrx_word' id='word_1_401' title='bbox 568 2762 686 2838; x_wconf 77' lang='lat' dir='ltr'>[ccutrt.</span> <span class='ocrx_word' id='word_1_402' title='bbox 710 2763 752 2836; x_wconf 81' lang='grc'>5.]</span> <span class='ocrx_word' id='word_1_403' title='bbox 773 2761 873 2820; x_wconf 83' lang='lat' dir='ltr'>Beatus</span> <span class='ocrx_word' id='word_1_404' title='bbox 894 2760 942 2819; x_wconf 90' lang='lat' dir='ltr'>ille</span> <span class='ocrx_word' id='word_1_405' title='bbox 963 2776 1072 2829; x_wconf 88' lang='lat' dir='ltr'>sertus,</span> <span class='ocrx_word' id='word_1_406' title='bbox 1124 2763 1206 2834; x_wconf 88' lang='lat' dir='ltr'>uasti,</span> <span class='ocrx_word' id='word_1_407' title='bbox 1221 2771 1249 2820; x_wconf 88' lang='lat' dir='ltr'>et</span> <span class='ocrx_word' id='word_1_408' title='bbox 1261 2777 1409 2836; x_wconf 74' lang='lat' dir='ltr'>congregas</span> <span class='ocrx_word' id='word_1_409' title='bbox 1426 2762 1471 2820; x_wconf 90' lang='lat' dir='ltr'>ubi</span> <span class='ocrx_word' id='word_1_410' title='bbox 1483 2778 1536 2821; x_wconf 94' lang='lat' dir='ltr'>uon</span> <span class='ocrx_word' id='word_1_411' title='bbox 1550 2763 1674 2835; x_wconf 78' lang='lat' dir='ltr'>sparsisti</span> <span class='ocrx_word' id='word_1_412' title='bbox 1685 2783 1692 2822; x_wconf 92' lang='lat'><strong>:</strong></span> <span class='ocrx_word' id='word_1_413' title='bbox 1704 2774 1732 2822; x_wconf 85' lang='lat' dir='ltr'>et</span> <span class='ocrx_word' id='word_1_414' title='bbox 1743 2765 1836 2822; x_wconf 86' lang='lat' dir='ltr'>timens</span> <span class='ocrx_word' id='word_1_415' title='bbox 1845 2763 1901 2832; x_wconf 91' lang='lat' dir='ltr'>abit,</span> <span class='ocrx_word' id='word_1_416' title='bbox 1996 2757 1997 2766; x_wconf 74' lang='grc'>’</span> 
     </span>
     <span class='ocr_line' id='line_1_27' title="bbox 272 2855 1903 2936; baseline -0.004 -16"><span class='ocrx_word' id='word_1_417' title='bbox 272 2877 355 2936; x_wconf 83' lang='lat' dir='ltr'>quem</span> <span class='ocrx_word' id='word_1_418' title='bbox 374 2876 438 2920; x_wconf 88' lang='lat' dir='ltr'>cum</span> <span class='ocrx_word' id='word_1_419' title='bbox 457 2860 565 2919; x_wconf 79' lang='lat' dir='ltr'>venerit</span> <span class='ocrx_word' id='word_1_420' title='bbox 580 2857 708 2917; x_wconf 82' lang='lat' dir='ltr'>dominns</span> <span class='ocrx_word' id='word_1_421' title='bbox 731 2857 801 2931; x_wconf 81' lang='lat' dir='ltr'>rjus,</span> <span class='ocrx_word' id='word_1_422' title='bbox 819 2857 955 2914; x_wconf 85' lang='lat' dir='ltr'>iurauerit</span> <span class='ocrx_word' id='word_1_423' title='bbox 973 2855 1015 2914; x_wconf 88' lang='lat' dir='ltr'>sic</span> <span class='ocrx_word' id='word_1_424' title='bbox 1033 2855 1074 2912; x_wconf 89' lang='lat' dir='ltr'>la·</span> <span class='ocrx_word' id='word_1_425' title='bbox 1123 2868 1150 2914; x_wconf 89' lang='lat' dir='ltr'>et</span> <span class='ocrx_word' id='word_1_426' title='bbox 1164 2857 1294 2916; x_wconf 90' lang='lat' dir='ltr'>abscondi</span> <span class='ocrx_word' id='word_1_427' title='bbox 1302 2858 1433 2916; x_wconf 90' lang='lat' dir='ltr'>talentum</span> <span class='ocrx_word' id='word_1_428' title='bbox 1446 2867 1520 2916; x_wconf 89' lang='lat' dir='ltr'>tuum</span> <span class='ocrx_word' id='word_1_429' title='bbox 1532 2859 1559 2916; x_wconf 91' lang='lat' dir='ltr'>iu</span> <span class='ocrx_word' id='word_1_430' title='bbox 1575 2870 1738 2918; x_wconf 78' lang='lat' dir='ltr'>terra2ecce</span> <span class='ocrx_word' id='word_1_431' title='bbox 1752 2859 1830 2916; x_wconf 84' lang='lat' dir='ltr'>babes</span> <span class='ocrx_word' id='word_1_432' title='bbox 1842 2856 1903 2930; x_wconf 81' lang='lat' dir='ltr'>quod</span> 
     </span>
     <span class='ocr_line' id='line_1_28' title="bbox 274 2949 1901 3027; baseline -0.004 -12"><span class='ocrx_word' id='word_1_433' title='bbox 274 2958 404 3015; x_wconf 83' lang='grc' dir='ltr'>εἱειιιειιι.</span> <span class='ocrx_word' id='word_1_434' title='bbox 425 2955 515 3014; x_wconf 79' lang='lat' dir='ltr'>dunen</span> <span class='ocrx_word' id='word_1_435' title='bbox 536 2953 598 3012; x_wconf 88' lang='lat' dir='ltr'>dieo</span> <span class='ocrx_word' id='word_1_436' title='bbox 621 2953 710 3022; x_wconf 86' lang='lat' dir='ltr'>robis,</span> <span class='ocrx_word' id='word_1_437' title='bbox 734 2952 862 3026; x_wconf 81' lang='lat' dir='ltr'>quoniam</span> <span class='ocrx_word' id='word_1_438' title='bbox 882 2949 1073 3020; x_wconf 86' lang='lat' dir='ltr'>superomnia</span> <span class='ocrx_word' id='word_1_439' title='bbox 1124 2959 1200 3011; x_wconf 88' lang='lat' dir='ltr'>tuum</span> <span class='ocrx_word' id='word_1_440' title='bbox 1212 2959 1265 3010; x_wconf 88' lang='lat' dir='ltr'>cst.</span> <span class='ocrx_word' id='word_1_441' title='bbox 1277 2952 1458 3024; x_wconf 82' lang='lat' dir='ltr'>Respondeas</span> <span class='ocrx_word' id='word_1_442' title='bbox 1468 2963 1557 3010; x_wconf 88' lang='lat' dir='ltr'>autern</span> <span class='ocrx_word' id='word_1_443' title='bbox 1569 2952 1698 3012; x_wconf 90' lang='lat' dir='ltr'>domiuus</span> <span class='ocrx_word' id='word_1_444' title='bbox 1711 2954 1780 3027; x_wconf 83' lang='lat' dir='ltr'>ejus,</span> <span class='ocrx_word' id='word_1_445' title='bbox 1792 2953 1855 3011; x_wconf 87' lang='lat' dir='ltr'>dirit</span> <span class='ocrx_word' id='word_1_446' title='bbox 1866 2953 1901 3009; x_wconf 91' lang='lat' dir='ltr'>ei:</span> 
     </span>
     <span class='ocr_line' id='line_1_29' title="bbox 277 3045 1904 3121; baseline -0.005 -11"><span class='ocrx_word' id='word_1_447' title='bbox 277 3051 349 3110; x_wconf 92' lang='lat' dir='ltr'>bona</span> <span class='ocrx_word' id='word_1_448' title='bbox 372 3065 421 3109; x_wconf 90' lang='lat' dir='ltr'>sua</span> <span class='ocrx_word' id='word_1_449' title='bbox 445 3048 594 3107; x_wconf 81' lang='lat' dir='ltr'>constituet</span> <span class='ocrx_word' id='word_1_450' title='bbox 619 3063 693 3104; x_wconf 91' lang='lat' dir='ltr'>eum.</span> <span class='ocrx_word' id='word_1_451' title='bbox 717 3046 846 3120; x_wconf 81' lang='lat' dir='ltr'>[scurris.</span> <span class='ocrx_word' id='word_1_452' title='bbox 869 3045 910 3120; x_wconf 93' lang='grc'>5.]</span> <span class='ocrx_word' id='word_1_453' title='bbox 927 3045 956 3102; x_wconf 88' lang='lat' dir='ltr'>Si</span> <span class='ocrx_word' id='word_1_454' title='bbox 980 3053 1072 3102; x_wconf 89' lang='lat' dir='ltr'>autem</span> <span class='ocrx_word' id='word_1_455' title='bbox 1124 3048 1209 3108; x_wconf 85' lang='lat' dir='ltr'>Serve</span> <span class='ocrx_word' id='word_1_456' title='bbox 1224 3047 1296 3104; x_wconf 87' lang='lat' dir='ltr'>male</span> <span class='ocrx_word' id='word_1_457' title='bbox 1310 3047 1433 3121; x_wconf 71' lang='lat' dir='ltr'>etpiger,</span> <span class='ocrx_word' id='word_1_458' title='bbox 1448 3049 1554 3106; x_wconf 87' lang='lat' dir='ltr'>sciebas</span> <span class='ocrx_word' id='word_1_459' title='bbox 1568 3047 1633 3120; x_wconf 84' lang='lat' dir='ltr'>quia</span> <span class='ocrx_word' id='word_1_460' title='bbox 1649 3058 1725 3106; x_wconf 85' lang='lat' dir='ltr'>meto</span> <span class='ocrx_word' id='word_1_461' title='bbox 1744 3046 1787 3106; x_wconf 91' lang='lat' dir='ltr'>ubi</span> <span class='ocrx_word' id='word_1_462' title='bbox 1803 3063 1852 3104; x_wconf 94' lang='lat' dir='ltr'>nou</span> <span class='ocrx_word' id='word_1_463' title='bbox 1868 3061 1904 3102; x_wconf 90' lang='lat' dir='ltr'>se-</span> 
     </span>
    </p>
   </div>
   <div class='ocr_carea' id='block_1_11' title="bbox 272 3137 1997 3307">
    <p class='ocr_par' dir='ltr' id='par_1_11' title="bbox 272 3137 1997 3307">
     <span class='ocr_line' id='line_1_30' title="bbox 273 3137 1997 3212; baseline -0.007 -7"><span class='ocrx_word' id='word_1_464' title='bbox 273 3144 477 3206; x_wconf 84' lang='lat' dir='ltr'>diraritnralus</span> <span class='ocrx_word' id='word_1_465' title='bbox 490 3139 787 3200; x_wconf 89' lang='lat' dir='ltr'>serrusilleiocorde</span> <span class='ocrx_word' id='word_1_466' title='bbox 802 3154 853 3198; x_wconf 89' lang='lat' dir='ltr'>suo</span> <span class='ocrx_word' id='word_1_467' title='bbox 869 3138 992 3197; x_wconf 80' lang='lat' dir='ltr'>:liuram</span> <span class='ocrx_word' id='word_1_468' title='bbox 1008 3137 1073 3195; x_wconf 88' lang='lat' dir='ltr'>lacit</span> <span class='ocrx_word' id='word_1_469' title='bbox 1125 3141 1208 3210; x_wconf 87' lang='lat' dir='ltr'>utino,</span> <span class='ocrx_word' id='word_1_470' title='bbox 1225 3149 1254 3197; x_wconf 86' lang='lat' dir='ltr'>et</span> <span class='ocrx_word' id='word_1_471' title='bbox 1265 3153 1401 3212; x_wconf 69' lang='lat' dir='ltr'>congrego</span> <span class='ocrx_word' id='word_1_472' title='bbox 1422 3139 1471 3196; x_wconf 91' lang='lat' dir='ltr'>ubi</span> <span class='ocrx_word' id='word_1_473' title='bbox 1489 3153 1543 3196; x_wconf 92' lang='lat' dir='ltr'>uon</span> <span class='ocrx_word' id='word_1_474' title='bbox 1557 3141 1646 3212; x_wconf 86' lang='lat' dir='ltr'>sparsi</span> <span class='ocrx_word' id='word_1_475' title='bbox 1661 3158 1668 3196; x_wconf 91' lang='lat'>:</span> <span class='ocrx_word' id='word_1_476' title='bbox 1683 3141 1803 3212; x_wconf 90' lang='lat' dir='ltr'>oportuit</span> <span class='ocrx_word' id='word_1_477' title='bbox 1814 3153 1871 3211; x_wconf 75' lang='lat' dir='ltr'>erpo</span> <span class='ocrx_word' id='word_1_478' title='bbox 1881 3145 1904 3193; x_wconf 89' lang='lat' dir='ltr'>ta</span> <span class='ocrx_word' id='word_1_479' title='bbox 1996 3165 1997 3212; x_wconf 79' lang='lat' dir='ltr'>t</span> 
     </span>
     <span class='ocr_line' id='line_1_31' title="bbox 272 3231 1997 3307; baseline -0.005 -11"><span class='ocrx_word' id='word_1_480' title='bbox 272 3236 596 3297; x_wconf 85' lang='lat' dir='ltr'>dontinusmeusrenire</span> <span class='ocrx_word' id='word_1_481' title='bbox 611 3253 618 3292; x_wconf 77' lang='grc' dir='ltr'>ε</span> <span class='ocrx_word' id='word_1_482' title='bbox 633 3235 789 3306; x_wconf 83' lang='lat' dir='ltr'>ctooeperit</span> <span class='ocrx_word' id='word_1_483' title='bbox 803 3241 1073 3306; x_wconf 85' lang='lat' dir='ltr'>percuterecouser·</span> <span class='ocrx_word' id='word_1_484' title='bbox 1124 3233 1446 3307; x_wconf 85' lang='lat' dir='ltr'>committerepecuuiam</span> <span class='ocrx_word' id='word_1_485' title='bbox 1458 3247 1546 3290; x_wconf 86' lang='lat' dir='ltr'>ursam</span> <span class='ocrx_word' id='word_1_486' title='bbox 1560 3233 1732 3304; x_wconf 83' lang='lat' dir='ltr'>numulariis,</span> <span class='ocrx_word' id='word_1_487' title='bbox 1755 3241 1783 3290; x_wconf 88' lang='lat' dir='ltr'>et</span> <span class='ocrx_word' id='word_1_488' title='bbox 1805 3231 1904 3288; x_wconf 87' lang='lat' dir='ltr'>ucuieut</span> <span class='ocrx_word' id='word_1_489' title='bbox 1996 3259 1997 3262; x_wconf 33' lang='lat'>¹</span> 
     </span>
    </p>
   </div>
   <div class='ocr_carea' id='block_1_12' title="bbox 262 3293 1905 5744">
    <p class='ocr_par' dir='ltr' id='par_1_12' title="bbox 272 3293 1905 3774">
     <span class='ocr_line' id='line_1_32' title="bbox 276 3293 1901 3400; baseline -0.009 -9"><span class='ocrx_word' id='word_1_490' title='bbox 276 3347 328 3391; x_wconf 86' lang='lat' dir='ltr'>ros</span> <span class='ocrx_word' id='word_1_491' title='bbox 348 3346 424 3398; x_wconf 89' lang='lat' dir='ltr'>suos,</span> <span class='ocrx_word' id='word_1_492' title='bbox 445 3328 592 3388; x_wconf 86' lang='lat' dir='ltr'>manducet</span> <span class='ocrx_word' id='word_1_493' title='bbox 607 3335 700 3386; x_wconf 87' lang='lat' dir='ltr'>autem</span> <span class='ocrx_word' id='word_1_494' title='bbox 715 3335 744 3384; x_wconf 89' lang='lat' dir='ltr'>ct</span> <span class='ocrx_word' id='word_1_495' title='bbox 764 3326 839 3385; x_wconf 88' lang='lat' dir='ltr'>bibat</span> <span class='ocrx_word' id='word_1_496' title='bbox 853 3341 915 3384; x_wconf 88' lang='lat' dir='ltr'>cum</span> <span class='ocrx_word' id='word_1_497' title='bbox 931 3323 1070 3383; x_wconf 86' lang='lat' dir='ltr'>ebriosis:</span> <span class='ocrx_word' id='word_1_498' title='bbox 1086 3293 1109 3362; x_wconf 72' lang='lat' dir='ltr'>c</span> <span class='ocrx_word' id='word_1_499' title='bbox 1124 3342 1175 3400; x_wconf 77' lang='lat' dir='ltr'>epo</span> <span class='ocrx_word' id='word_1_500' title='bbox 1190 3327 1353 3396; x_wconf 81' lang='lat' dir='ltr'>recepissem</span> <span class='ocrx_word' id='word_1_501' title='bbox 1370 3327 1462 3400; x_wconf 86' lang='lat' dir='ltr'>utique</span> <span class='ocrx_word' id='word_1_502' title='bbox 1484 3325 1557 3400; x_wconf 78' lang='lat' dir='ltr'>quod</span> <span class='ocrx_word' id='word_1_503' title='bbox 1580 3341 1671 3384; x_wconf 92' lang='lat' dir='ltr'>meum</span> <span class='ocrx_word' id='word_1_504' title='bbox 1698 3334 1741 3384; x_wconf 90' lang='lat' dir='ltr'>est</span> <span class='ocrx_word' id='word_1_505' title='bbox 1752 3341 1812 3384; x_wconf 89' lang='lat' dir='ltr'>cum</span> <span class='ocrx_word' id='word_1_506' title='bbox 1822 3337 1901 3381; x_wconf 87' lang='lat' dir='ltr'>usura.</span> 
     </span>
     <span class='ocr_line' id='line_1_33' title="bbox 274 3415 1905 3494; baseline -0.006 -10"><span class='ocrx_word' id='word_1_507' title='bbox 274 3426 370 3484; x_wconf 87' lang='lat' dir='ltr'>reulet</span> <span class='ocrx_word' id='word_1_508' title='bbox 382 3423 512 3483; x_wconf 88' lang='lat' dir='ltr'>dominus</span> <span class='ocrx_word' id='word_1_509' title='bbox 526 3423 598 3480; x_wconf 87' lang='lat' dir='ltr'>scrri</span> <span class='ocrx_word' id='word_1_510' title='bbox 613 3422 700 3492; x_wconf 89' lang='lat' dir='ltr'>illins,</span> <span class='ocrx_word' id='word_1_511' title='bbox 715 3423 743 3478; x_wconf 92' lang='lat' dir='ltr'>iu</span> <span class='ocrx_word' id='word_1_512' title='bbox 759 3421 805 3479; x_wconf 91' lang='lat' dir='ltr'>dic</span> <span class='ocrx_word' id='word_1_513' title='bbox 822 3437 875 3494; x_wconf 79' lang='lat' dir='ltr'>qua</span> <span class='ocrx_word' id='word_1_514' title='bbox 891 3435 945 3478; x_wconf 89' lang='lat' dir='ltr'>uon</span> <span class='ocrx_word' id='word_1_515' title='bbox 967 3431 1070 3492; x_wconf 89' lang='lat' dir='ltr'>sperat,</span> <span class='ocrx_word' id='word_1_516' title='bbox 1123 3421 1223 3479; x_wconf 83' lang='lat' dir='ltr'>Tollite</span> <span class='ocrx_word' id='word_1_517' title='bbox 1235 3422 1324 3494; x_wconf 84' lang='lat' dir='ltr'>itaque</span> <span class='ocrx_word' id='word_1_518' title='bbox 1335 3420 1370 3477; x_wconf 90' lang='lat' dir='ltr'>ab</span> <span class='ocrx_word' id='word_1_519' title='bbox 1380 3435 1414 3478; x_wconf 88' lang='lat' dir='ltr'>eo</span> <span class='ocrx_word' id='word_1_520' title='bbox 1428 3418 1676 3488; x_wconf 78' lang='lat' dir='ltr'>talentumetdate</span> <span class='ocrx_word' id='word_1_521' title='bbox 1689 3420 1772 3493; x_wconf 85' lang='lat' dir='ltr'>eiqui</span> <span class='ocrx_word' id='word_1_522' title='bbox 1786 3415 1905 3476; x_wconf 84' lang='lat' dir='ltr'>lrabetde</span> 
     </span>
     <span class='ocr_line' id='line_1_34' title="bbox 273 3511 1902 3591; baseline -0.009 -13"><span class='ocrx_word' id='word_1_523' title='bbox 273 3527 302 3580; x_wconf 90' lang='lat' dir='ltr'>et</span> <span class='ocrx_word' id='word_1_524' title='bbox 322 3519 389 3576; x_wconf 89' lang='lat' dir='ltr'>bora</span> <span class='ocrx_word' id='word_1_525' title='bbox 407 3533 462 3591; x_wconf 83' lang='lat' dir='ltr'>qua</span> <span class='ocrx_word' id='word_1_526' title='bbox 483 3517 592 3590; x_wconf 74' lang='lat' dir='ltr'>ignorat</span> <span class='ocrx_word' id='word_1_527' title='bbox 611 3534 618 3572; x_wconf 84' lang='lat' dir='ltr'>r</span> <span class='ocrx_word' id='word_1_528' title='bbox 634 3527 663 3574; x_wconf 86' lang='lat' dir='ltr'>et</span> <span class='ocrx_word' id='word_1_529' title='bbox 684 3515 787 3574; x_wconf 84' lang='lat' dir='ltr'>diuidet</span> <span class='ocrx_word' id='word_1_530' title='bbox 808 3531 887 3583; x_wconf 85' lang='lat' dir='ltr'>eum,</span> <span class='ocrx_word' id='word_1_531' title='bbox 911 3525 1072 3588; x_wconf 80' lang='lat' dir='ltr'>partemque</span> <span class='ocrx_word' id='word_1_532' title='bbox 1123 3529 1182 3572; x_wconf 86' lang='lat' dir='ltr'>cem</span> <span class='ocrx_word' id='word_1_533' title='bbox 1199 3511 1574 3588; x_wconf 78' lang='lat' dir='ltr'>talenn.[ceusn,s.]0mnt</span> <span class='ocrx_word' id='word_1_534' title='bbox 1587 3513 1661 3569; x_wconf 91' lang='lat' dir='ltr'>euim</span> <span class='ocrx_word' id='word_1_535' title='bbox 1673 3512 1783 3571; x_wconf 90' lang='lat' dir='ltr'>babenti</span> <span class='ocrx_word' id='word_1_536' title='bbox 1797 3511 1902 3576; x_wconf 90' lang='lat' dir='ltr'>dabitur,</span> 
     </span>
     <span class='ocr_line' id='line_1_35' title="bbox 272 3601 1904 3686; baseline -0.009 -15"><span class='ocrx_word' id='word_1_537' title='bbox 272 3613 333 3685; x_wconf 85' lang='lat' dir='ltr'>ejus</span> <span class='ocrx_word' id='word_1_538' title='bbox 347 3621 432 3686; x_wconf 87' lang='lat' dir='ltr'>ponet</span> <span class='ocrx_word' id='word_1_539' title='bbox 443 3628 506 3669; x_wconf 87' lang='lat' dir='ltr'>curu</span> <span class='ocrx_word' id='word_1_540' title='bbox 520 3611 693 3686; x_wconf 73' lang='lat' dir='ltr'>hypocritis:</span> <span class='ocrx_word' id='word_1_541' title='bbox 710 3609 832 3667; x_wconf 84' lang='lat' dir='ltr'>illiserit</span> <span class='ocrx_word' id='word_1_542' title='bbox 846 3609 942 3678; x_wconf 88' lang='lat' dir='ltr'>lletus,</span> <span class='ocrx_word' id='word_1_543' title='bbox 957 3618 986 3668; x_wconf 93' lang='grc' dir='ltr'>ει</span> <span class='ocrx_word' id='word_1_544' title='bbox 1005 3609 1071 3667; x_wconf 88' lang='lat' dir='ltr'>stri·</span> <span class='ocrx_word' id='word_1_545' title='bbox 1122 3615 1151 3666; x_wconf 89' lang='lat' dir='ltr'>st</span> <span class='ocrx_word' id='word_1_546' title='bbox 1167 3606 1315 3664; x_wconf 88' lang='lat' dir='ltr'>abundabit</span> <span class='ocrx_word' id='word_1_547' title='bbox 1332 3608 1375 3664; x_wconf 87' lang='lat' dir='ltr'>:ei</span> <span class='ocrx_word' id='word_1_548' title='bbox 1389 3613 1478 3663; x_wconf 87' lang='lat' dir='ltr'>autem</span> <span class='ocrx_word' id='word_1_549' title='bbox 1494 3605 1541 3677; x_wconf 88' lang='lat' dir='ltr'>qui</span> <span class='ocrx_word' id='word_1_550' title='bbox 1569 3622 1621 3662; x_wconf 90' lang='lat' dir='ltr'>nou</span> <span class='ocrx_word' id='word_1_551' title='bbox 1642 3604 1738 3674; x_wconf 82' lang='lat' dir='ltr'>babet,</span> <span class='ocrx_word' id='word_1_552' title='bbox 1751 3617 1778 3662; x_wconf 88' lang='lat' dir='ltr'>et</span> <span class='ocrx_word' id='word_1_553' title='bbox 1792 3602 1858 3676; x_wconf 85' lang='lat' dir='ltr'>quod</span> <span class='ocrx_word' id='word_1_554' title='bbox 1871 3601 1904 3657; x_wconf 86' lang='lat' dir='ltr'>ri-</span> 
     </span>
     <span class='ocr_line' id='line_1_36' title="bbox 273 3695 1904 3774; baseline -0.01 -8"><span class='ocrx_word' id='word_1_555' title='bbox 273 3706 325 3766; x_wconf 91' lang='lat' dir='ltr'>dor</span> <span class='ocrx_word' id='word_1_556' title='bbox 336 3706 471 3765; x_wconf 88' lang='lat' dir='ltr'>dentium.</span> <span class='ocrx_word' id='word_1_557' title='bbox 1122 3703 1202 3760; x_wconf 90' lang='lat' dir='ltr'>detur</span> <span class='ocrx_word' id='word_1_558' title='bbox 1215 3701 1328 3769; x_wconf 87' lang='lat' dir='ltr'>habers,</span> <span class='ocrx_word' id='word_1_559' title='bbox 1342 3700 1480 3758; x_wconf 77' lang='lat' dir='ltr'>auferetur</span> <span class='ocrx_word' id='word_1_560' title='bbox 1490 3700 1525 3757; x_wconf 89' lang='lat' dir='ltr'>ab</span> <span class='ocrx_word' id='word_1_561' title='bbox 1538 3715 1581 3758; x_wconf 91' lang='lat' dir='ltr'>co.</span> <span class='ocrx_word' id='word_1_562' title='bbox 1594 3699 1727 3774; x_wconf 81' lang='grc' dir='ltr'>[εειιιιι1</span> <span class='ocrx_word' id='word_1_563' title='bbox 1742 3699 1782 3774; x_wconf 88' lang='grc'>5.]</span> <span class='ocrx_word' id='word_1_564' title='bbox 1793 3699 1823 3756; x_wconf 79' lang='lat' dir='ltr'>El</span> <span class='ocrx_word' id='word_1_565' title='bbox 1832 3695 1904 3754; x_wconf 88' lang='lat' dir='ltr'>inuti·</span> 
     </span>
    </p>

    <p class='ocr_par' dir='ltr' id='par_1_13' title="bbox 262 3788 1905 5744">
     <span class='ocr_line' id='line_1_37' title="bbox 311 3788 1904 3874; baseline -0.006 -17"><span class='ocrx_word' id='word_1_566' title='bbox 311 3797 481 3874; x_wconf 73' lang='lat' dir='ltr'>[dup.xxll,</span> <span class='ocrx_word' id='word_1_567' title='bbox 492 3795 686 3873; x_wconf 73' lang='lat' dir='ltr'>cucumin]</span> <span class='ocrx_word' id='word_1_568' title='bbox 697 3796 774 3855; x_wconf 86' lang='lat' dir='ltr'>&#39;iuuc</span> <span class='ocrx_word' id='word_1_569' title='bbox 787 3795 877 3855; x_wconf 90' lang='lat' dir='ltr'>simile</span> <span class='ocrx_word' id='word_1_570' title='bbox 889 3798 942 3854; x_wconf 89' lang='lat' dir='ltr'>erit</span> <span class='ocrx_word' id='word_1_571' title='bbox 956 3810 1070 3868; x_wconf 74' lang='lat' dir='ltr'>reguum</span> <span class='ocrx_word' id='word_1_572' title='bbox 1122 3797 1175 3854; x_wconf 88' lang='lat' dir='ltr'>leto</span> <span class='ocrx_word' id='word_1_573' title='bbox 1186 3811 1294 3854; x_wconf 87' lang='lat' dir='ltr'>serrum</span> <span class='ocrx_word' id='word_1_574' title='bbox 1308 3795 1398 3867; x_wconf 82' lang='lat' dir='ltr'>ejicite</span> <span class='ocrx_word' id='word_1_575' title='bbox 1414 3795 1442 3851; x_wconf 88' lang='lat' dir='ltr'>in</span> <span class='ocrx_word' id='word_1_576' title='bbox 1460 3793 1585 3852; x_wconf 83' lang='lat' dir='ltr'>tenebras</span> <span class='ocrx_word' id='word_1_577' title='bbox 1600 3796 1755 3852; x_wconf 79' lang='lat' dir='ltr'>exteriores</span> <span class='ocrx_word' id='word_1_578' title='bbox 1768 3811 1775 3848; x_wconf 82' lang='lat' dir='ltr'>r</span> <span class='ocrx_word' id='word_1_579' title='bbox 1788 3792 1840 3849; x_wconf 90' lang='lat' dir='ltr'>illio</span> <span class='ocrx_word' id='word_1_580' title='bbox 1859 3788 1904 3846; x_wconf 88' lang='lat' dir='ltr'>erit</span> 
     </span>
     <span class='ocr_line' id='line_1_38' title="bbox 270 3884 1903 3962; baseline -0.008 -11"><span class='ocrx_word' id='word_1_581' title='bbox 270 3891 402 3951; x_wconf 84' lang='lat' dir='ltr'>ooelorum</span> <span class='ocrx_word' id='word_1_582' title='bbox 414 3889 508 3949; x_wconf 84' lang='lat' dir='ltr'>desem</span> <span class='ocrx_word' id='word_1_583' title='bbox 518 3890 683 3962; x_wconf 72' lang='lat' dir='ltr'>uirginibus,</span> <span class='ocrx_word' id='word_1_584' title='bbox 707 3905 768 3962; x_wconf 81' lang='lat' dir='ltr'>qua</span> <span class='ocrx_word' id='word_1_585' title='bbox 778 3889 944 3961; x_wconf 85' lang='lat' dir='ltr'>accipientes</span> <span class='ocrx_word' id='word_1_586' title='bbox 966 3890 1071 3960; x_wconf 90' lang='lat' dir='ltr'>lampa·</span> <span class='ocrx_word' id='word_1_587' title='bbox 1121 3888 1203 3946; x_wconf 87' lang='lat' dir='ltr'>delus</span> <span class='ocrx_word' id='word_1_588' title='bbox 1217 3899 1245 3946; x_wconf 87' lang='lat' dir='ltr'>et</span> <span class='ocrx_word' id='word_1_589' title='bbox 1255 3887 1357 3944; x_wconf 92' lang='lat' dir='ltr'>stridor</span> <span class='ocrx_word' id='word_1_590' title='bbox 1369 3886 1503 3944; x_wconf 89' lang='lat' dir='ltr'>deutiuut.</span> <span class='ocrx_word' id='word_1_591' title='bbox 1520 3885 1730 3961; x_wconf 71' lang='lat' dir='ltr'>[consumto]</span> <span class='ocrx_word' id='word_1_592' title='bbox 1744 3884 1810 3944; x_wconf 85' lang='lat' dir='ltr'>Cum</span> <span class='ocrx_word' id='word_1_593' title='bbox 1824 3893 1903 3940; x_wconf 83' lang='lat' dir='ltr'>autam</span> 
     </span>
     <span class='ocr_line' id='line_1_39' title="bbox 271 3978 1904 4056; baseline -0.007 -13"><span class='ocrx_word' id='word_1_594' title='bbox 271 3986 323 4043; x_wconf 91' lang='lat' dir='ltr'>des</span> <span class='ocrx_word' id='word_1_595' title='bbox 336 3999 411 4056; x_wconf 89' lang='lat' dir='ltr'>suas,</span> <span class='ocrx_word' id='word_1_596' title='bbox 431 3985 556 4042; x_wconf 79' lang='lat' dir='ltr'>exierunt</span> <span class='ocrx_word' id='word_1_597' title='bbox 574 3983 682 4041; x_wconf 86' lang='lat' dir='ltr'>obviant</span> <span class='ocrx_word' id='word_1_598' title='bbox 698 3996 800 4055; x_wconf 91' lang='lat' dir='ltr'>sponso</span> <span class='ocrx_word' id='word_1_599' title='bbox 815 3992 842 4040; x_wconf 90' lang='lat' dir='ltr'>et</span> <span class='ocrx_word' id='word_1_600' title='bbox 853 3997 971 4054; x_wconf 74' lang='lat' dir='ltr'>sponsas.</span> <span class='ocrx_word' id='word_1_601' title='bbox 984 3981 1071 4050; x_wconf 79' lang='lat' dir='ltr'>Quin·</span> <span class='ocrx_word' id='word_1_602' title='bbox 1121 3979 1228 4038; x_wconf 78' lang='lat' dir='ltr'>venerit</span> <span class='ocrx_word' id='word_1_603' title='bbox 1240 3979 1324 4036; x_wconf 81' lang='lat' dir='ltr'>Filius</span> <span class='ocrx_word' id='word_1_604' title='bbox 1335 3978 1455 4036; x_wconf 87' lang='lat' dir='ltr'>bominis</span> <span class='ocrx_word' id='word_1_605' title='bbox 1466 3981 1492 4036; x_wconf 91' lang='lat' dir='ltr'>iu</span> <span class='ocrx_word' id='word_1_606' title='bbox 1504 3981 1648 4051; x_wconf 83' lang='lat' dir='ltr'>majestate</span> <span class='ocrx_word' id='word_1_607' title='bbox 1664 3995 1724 4050; x_wconf 88' lang='lat' dir='ltr'>suu,</span> <span class='ocrx_word' id='word_1_608' title='bbox 1734 3990 1856 4038; x_wconf 88' lang='lat' dir='ltr'>etunrnes</span> <span class='ocrx_word' id='word_1_609' title='bbox 1866 3989 1904 4031; x_wconf 91' lang='lat' dir='ltr'>an-</span> 
     </span>
     <span class='ocr_line' id='line_1_40' title="bbox 269 4067 1904 4150; baseline -0.007 -16"><span class='ocrx_word' id='word_1_610' title='bbox 269 4093 324 4150; x_wconf 79' lang='lat' dir='ltr'>oue</span> <span class='ocrx_word' id='word_1_611' title='bbox 339 4087 431 4135; x_wconf 89' lang='lat' dir='ltr'>autent</span> <span class='ocrx_word' id='word_1_612' title='bbox 441 4078 526 4134; x_wconf 81' lang='lat' dir='ltr'>exeis</span> <span class='ocrx_word' id='word_1_613' title='bbox 539 4087 618 4134; x_wconf 84' lang='lat' dir='ltr'>erant</span> <span class='ocrx_word' id='word_1_614' title='bbox 628 4074 722 4146; x_wconf 77' lang='lat' dir='ltr'>irtus,</span> <span class='ocrx_word' id='word_1_615' title='bbox 732 4085 760 4133; x_wconf 86' lang='lat' dir='ltr'>et</span> <span class='ocrx_word' id='word_1_616' title='bbox 773 4075 893 4147; x_wconf 79' lang='lat' dir='ltr'>quinque</span> <span class='ocrx_word' id='word_1_617' title='bbox 908 4076 1069 4146; x_wconf 87' lang='lat' dir='ltr'>prudentes.</span> <span class='ocrx_word' id='word_1_618' title='bbox 1121 4073 1173 4145; x_wconf 77' lang='lat' dir='ltr'>pell</span> <span class='ocrx_word' id='word_1_619' title='bbox 1187 4089 1249 4129; x_wconf 88' lang='lat' dir='ltr'>curn</span> <span class='ocrx_word' id='word_1_620' title='bbox 1265 4088 1308 4143; x_wconf 92' lang='lat' dir='ltr'>eo,</span> <span class='ocrx_word' id='word_1_621' title='bbox 1328 4080 1392 4130; x_wconf 89' lang='lat' dir='ltr'>tuuc</span> <span class='ocrx_word' id='word_1_622' title='bbox 1418 4071 1525 4130; x_wconf 86' lang='lat' dir='ltr'>sedebit</span> <span class='ocrx_word' id='word_1_623' title='bbox 1545 4087 1626 4144; x_wconf 82' lang='lat' dir='ltr'>snper</span> <span class='ocrx_word' id='word_1_624' title='bbox 1644 4072 1739 4129; x_wconf 88' lang='lat' dir='ltr'>sedem</span> <span class='ocrx_word' id='word_1_625' title='bbox 1766 4067 1904 4143; x_wconf 76' lang='lat' dir='ltr'>maiestatis</span> 
     </span>
     <span class='ocr_line' id='line_1_41' title="bbox 268 4167 1905 4242; baseline -0.008 -13"><span class='ocrx_word' id='word_1_626' title='bbox 268 4170 325 4229; x_wconf 80' lang='lat' dir='ltr'>liert</span> <span class='ocrx_word' id='word_1_627' title='bbox 339 4170 462 4242; x_wconf 79' lang='lat' dir='ltr'>quinque</span> <span class='ocrx_word' id='word_1_628' title='bbox 475 4168 569 4236; x_wconf 73' lang='lat' dir='ltr'>latua,</span> <span class='ocrx_word' id='word_1_629' title='bbox 586 4170 706 4241; x_wconf 87' lang='lat' dir='ltr'>acceptis</span> <span class='ocrx_word' id='word_1_630' title='bbox 725 4168 906 4239; x_wconf 86' lang='lat' dir='ltr'>lampadibus,</span> <span class='ocrx_word' id='word_1_631' title='bbox 923 4183 976 4225; x_wconf 88' lang='lat' dir='ltr'>non</span> <span class='ocrx_word' id='word_1_632' title='bbox 992 4183 1069 4225; x_wconf 86' lang='lat' dir='ltr'>suut·</span> <span class='ocrx_word' id='word_1_633' title='bbox 1121 4183 1178 4226; x_wconf 80' lang='lat' dir='ltr'>suae</span> <span class='ocrx_word' id='word_1_634' title='bbox 1195 4186 1202 4223; x_wconf 92' lang='lat'>:</span> <span class='ocrx_word' id='word_1_635' title='bbox 1217 4177 1245 4224; x_wconf 89' lang='grc' dir='ltr'>ει</span> <span class='ocrx_word' id='word_1_636' title='bbox 1258 4167 1498 4239; x_wconf 68' lang='lat' dir='ltr'>congregabuntur</span> <span class='ocrx_word' id='word_1_637' title='bbox 1509 4177 1573 4224; x_wconf 88' lang='lat' dir='ltr'>ante</span> <span class='ocrx_word' id='word_1_638' title='bbox 1588 4182 1649 4224; x_wconf 87' lang='lat' dir='ltr'>eum</span> <span class='ocrx_word' id='word_1_639' title='bbox 1663 4182 1759 4224; x_wconf 83' lang='lat' dir='ltr'>onlnes</span> <span class='ocrx_word' id='word_1_640' title='bbox 1773 4173 1869 4238; x_wconf 77' lang='lat' dir='ltr'>pentes.</span> <span class='ocrx_word' id='word_1_641' title='bbox 1880 4169 1905 4218; x_wconf 88' lang='lat' dir='ltr'>et</span> 
     </span>
     <span class='ocr_line' id='line_1_42' title="bbox 270 4260 1904 4336; baseline -0.002 -19"><span class='ocrx_word' id='word_1_642' title='bbox 270 4271 383 4336; x_wconf 77' lang='grc' dir='ltr'>μειιιιιι</span> <span class='ocrx_word' id='word_1_643' title='bbox 405 4262 497 4319; x_wconf 89' lang='lat' dir='ltr'>oleum</span> <span class='ocrx_word' id='word_1_644' title='bbox 523 4277 616 4320; x_wconf 86' lang='lat' dir='ltr'>recum</span> <span class='ocrx_word' id='word_1_645' title='bbox 631 4281 639 4321; x_wconf 77' lang='lat' dir='ltr'>a</span> <span class='ocrx_word' id='word_1_646' title='bbox 656 4261 804 4333; x_wconf 86' lang='lat' dir='ltr'>prudentes</span> <span class='ocrx_word' id='word_1_647' title='bbox 818 4276 884 4319; x_wconf 84' lang='lat' dir='ltr'>sero</span> <span class='ocrx_word' id='word_1_648' title='bbox 901 4273 1069 4333; x_wconf 84' lang='lat' dir='ltr'>acceperuut</span> <span class='ocrx_word' id='word_1_649' title='bbox 1120 4261 1258 4331; x_wconf 85' lang='lat' dir='ltr'>separabit</span> <span class='ocrx_word' id='word_1_650' title='bbox 1271 4261 1363 4318; x_wconf 86' lang='lat' dir='ltr'>eosab</span> <span class='ocrx_word' id='word_1_651' title='bbox 1377 4260 1505 4329; x_wconf 82' lang='lat' dir='ltr'>inuicem,</span> <span class='ocrx_word' id='word_1_652' title='bbox 1517 4261 1588 4317; x_wconf 90' lang='lat' dir='ltr'>sicut</span> <span class='ocrx_word' id='word_1_653' title='bbox 1603 4269 1697 4332; x_wconf 89' lang='lat' dir='ltr'>pastor</span> <span class='ocrx_word' id='word_1_654' title='bbox 1711 4267 1833 4332; x_wconf 68' lang='lat' dir='ltr'>segregat</span> <span class='ocrx_word' id='word_1_655' title='bbox 1848 4267 1904 4313; x_wconf 75' lang='lat' dir='ltr'>olet</span> 
     </span>
     <span class='ocr_line' id='line_1_43' title="bbox 269 4350 1904 4427; baseline -0.006 -15"><span class='ocrx_word' id='word_1_656' title='bbox 269 4355 361 4412; x_wconf 88' lang='lat' dir='ltr'>oleum</span> <span class='ocrx_word' id='word_1_657' title='bbox 373 4355 402 4411; x_wconf 89' lang='lat' dir='ltr'>in</span> <span class='ocrx_word' id='word_1_658' title='bbox 415 4356 487 4412; x_wconf 88' lang='lat' dir='ltr'>rasit</span> <span class='ocrx_word' id='word_1_659' title='bbox 497 4355 556 4412; x_wconf 88' lang='lat' dir='ltr'>suit</span> <span class='ocrx_word' id='word_1_660' title='bbox 573 4370 636 4412; x_wconf 89' lang='lat' dir='ltr'>cunr</span> <span class='ocrx_word' id='word_1_661' title='bbox 651 4354 832 4427; x_wconf 85' lang='lat' dir='ltr'>lampadibus.</span> <span class='ocrx_word' id='word_1_662' title='bbox 847 4355 952 4412; x_wconf 84' lang='lat' dir='ltr'>lloram</span> <span class='ocrx_word' id='word_1_663' title='bbox 974 4366 1067 4413; x_wconf 87' lang='lat' dir='ltr'>autem</span> <span class='ocrx_word' id='word_1_664' title='bbox 1120 4357 1156 4412; x_wconf 91' lang='lat' dir='ltr'>ab</span> <span class='ocrx_word' id='word_1_665' title='bbox 1167 4355 1268 4414; x_wconf 70' lang='lat' dir='ltr'>lucedis:</span> <span class='ocrx_word' id='word_1_666' title='bbox 1278 4363 1307 4412; x_wconf 89' lang='lat' dir='ltr'>ct</span> <span class='ocrx_word' id='word_1_667' title='bbox 1319 4364 1420 4412; x_wconf 88' lang='lat' dir='ltr'>statuet</span> <span class='ocrx_word' id='word_1_668' title='bbox 1433 4369 1501 4412; x_wconf 82' lang='lat' dir='ltr'>oret</span> <span class='ocrx_word' id='word_1_669' title='bbox 1513 4355 1622 4426; x_wconf 83' lang='lat' dir='ltr'>quidem</span> <span class='ocrx_word' id='word_1_670' title='bbox 1634 4370 1649 4412; x_wconf 93' lang='lat' dir='ltr'>a</span> <span class='ocrx_word' id='word_1_671' title='bbox 1662 4353 1767 4411; x_wconf 81' lang='lat' dir='ltr'>deutris</span> <span class='ocrx_word' id='word_1_672' title='bbox 1778 4352 1842 4421; x_wconf 81' lang='lat' dir='ltr'>suis,</span> <span class='ocrx_word' id='word_1_673' title='bbox 1858 4350 1904 4405; x_wconf 81' lang='lat' dir='ltr'>lra-</span> 
     </span>
     <span class='ocr_line' id='line_1_44' title="bbox 268 4441 1904 4519; baseline -0.006 -15"><span class='ocrx_word' id='word_1_674' title='bbox 268 4446 385 4504; x_wconf 84' lang='lat' dir='ltr'>iaciente</span> <span class='ocrx_word' id='word_1_675' title='bbox 399 4461 511 4519; x_wconf 84' lang='lat' dir='ltr'>sponso,</span> <span class='ocrx_word' id='word_1_676' title='bbox 532 4447 751 4505; x_wconf 79' lang='lat' dir='ltr'>dormitaverunt</span> <span class='ocrx_word' id='word_1_677' title='bbox 764 4461 873 4518; x_wconf 88' lang='lat' dir='ltr'>orutres,</span> <span class='ocrx_word' id='word_1_678' title='bbox 895 4458 924 4505; x_wconf 82' lang='lat' dir='ltr'>et</span> <span class='ocrx_word' id='word_1_679' title='bbox 944 4448 1068 4508; x_wconf 87' lang='lat' dir='ltr'>dormie-</span> <span class='ocrx_word' id='word_1_680' title='bbox 1120 4448 1171 4506; x_wconf 89' lang='lat' dir='ltr'>dos</span> <span class='ocrx_word' id='word_1_681' title='bbox 1184 4459 1277 4504; x_wconf 71' lang='lat' dir='ltr'>autem</span> <span class='ocrx_word' id='word_1_682' title='bbox 1296 4463 1311 4503; x_wconf 94' lang='lat' dir='ltr'>a</span> <span class='ocrx_word' id='word_1_683' title='bbox 1326 4446 1454 4504; x_wconf 87' lang='lat' dir='ltr'>sinistris.</span> <span class='ocrx_word' id='word_1_684' title='bbox 1470 4446 1546 4503; x_wconf 83' lang='lat' dir='ltr'>Turro</span> <span class='ocrx_word' id='word_1_685' title='bbox 1559 4447 1632 4504; x_wconf 88' lang='lat' dir='ltr'>dicet</span> <span class='ocrx_word' id='word_1_686' title='bbox 1642 4461 1693 4502; x_wconf 84' lang='lat' dir='ltr'>rex</span> <span class='ocrx_word' id='word_1_687' title='bbox 1708 4445 1749 4502; x_wconf 91' lang='lat' dir='ltr'>bis</span> <span class='ocrx_word' id='word_1_688' title='bbox 1763 4445 1807 4518; x_wconf 85' lang='lat' dir='ltr'>qui</span> <span class='ocrx_word' id='word_1_689' title='bbox 1822 4441 1904 4498; x_wconf 87' lang='lat' dir='ltr'>ader·</span> 
     </span>
     <span class='ocr_line' id='line_1_45' title="bbox 268 4531 1903 4613; baseline -0.003 -16"><span class='ocrx_word' id='word_1_690' title='bbox 268 4550 343 4597; x_wconf 85' lang='lat' dir='ltr'>runt.</span> <span class='ocrx_word' id='word_1_691' title='bbox 365 4539 453 4598; x_wconf 83' lang='lat' dir='ltr'>liedia</span> <span class='ocrx_word' id='word_1_692' title='bbox 477 4550 568 4598; x_wconf 86' lang='lat' dir='ltr'>autern</span> <span class='ocrx_word' id='word_1_693' title='bbox 588 4553 670 4598; x_wconf 89' lang='lat' dir='ltr'>nocte</span> <span class='ocrx_word' id='word_1_694' title='bbox 687 4541 791 4599; x_wconf 84' lang='lat' dir='ltr'>clamor</span> <span class='ocrx_word' id='word_1_695' title='bbox 812 4541 900 4600; x_wconf 87' lang='lat' dir='ltr'>lactus</span> <span class='ocrx_word' id='word_1_696' title='bbox 913 4553 956 4600; x_wconf 87' lang='lat' dir='ltr'>est</span> <span class='ocrx_word' id='word_1_697' title='bbox 971 4561 979 4598; x_wconf 78' lang='grc' dir='ltr'>ε</span> <span class='ocrx_word' id='word_1_698' title='bbox 995 4543 1067 4602; x_wconf 79' lang='lat' dir='ltr'>Ecce</span> <span class='ocrx_word' id='word_1_699' title='bbox 1121 4541 1169 4598; x_wconf 89' lang='lat' dir='ltr'>tris</span> <span class='ocrx_word' id='word_1_700' title='bbox 1179 4541 1239 4613; x_wconf 83' lang='lat' dir='ltr'>ojus</span> <span class='ocrx_word' id='word_1_701' title='bbox 1248 4549 1329 4600; x_wconf 91' lang='lat' dir='ltr'>eruut</span> <span class='ocrx_word' id='word_1_702' title='bbox 1342 4557 1350 4596; x_wconf 79' lang='lat' dir='ltr'>a</span> <span class='ocrx_word' id='word_1_703' title='bbox 1363 4539 1470 4605; x_wconf 77' lang='lat' dir='ltr'>lenite,</span> <span class='ocrx_word' id='word_1_704' title='bbox 1493 4538 1729 4597; x_wconf 85' lang='lat' dir='ltr'>benedictiPatris</span> <span class='ocrx_word' id='word_1_705' title='bbox 1741 4538 1804 4607; x_wconf 87' lang='lat' dir='ltr'>urei,</span> <span class='ocrx_word' id='word_1_706' title='bbox 1827 4531 1903 4608; x_wconf 87' lang='lat' dir='ltr'>possi·</span> 
     </span>
     <span class='ocr_line' id='line_1_46' title="bbox 267 4627 1901 4706; baseline -0.002 -16"><span class='ocrx_word' id='word_1_707' title='bbox 267 4647 386 4706; x_wconf 86' lang='lat' dir='ltr'>sponsus</span> <span class='ocrx_word' id='word_1_708' title='bbox 412 4634 497 4702; x_wconf 77' lang='lat' dir='ltr'>verrit,</span> <span class='ocrx_word' id='word_1_709' title='bbox 523 4634 596 4692; x_wconf 81' lang='lat' dir='ltr'>erite</span> <span class='ocrx_word' id='word_1_710' title='bbox 617 4633 725 4692; x_wconf 83' lang='lat' dir='ltr'>obuiam</span> <span class='ocrx_word' id='word_1_711' title='bbox 747 4636 784 4693; x_wconf 89' lang='lat' dir='ltr'>ei.</span> <span class='ocrx_word' id='word_1_712' title='bbox 798 4634 875 4693; x_wconf 79' lang='lat' dir='ltr'>&#39;lunc</span> <span class='ocrx_word' id='word_1_713' title='bbox 887 4644 1068 4695; x_wconf 84' lang='lat' dir='ltr'>surrexerunt</span> <span class='ocrx_word' id='word_1_714' title='bbox 1120 4632 1183 4692; x_wconf 87' lang='lat' dir='ltr'>dete</span> <span class='ocrx_word' id='word_1_715' title='bbox 1204 4644 1325 4706; x_wconf 87' lang='lat' dir='ltr'>peratum</span> <span class='ocrx_word' id='word_1_716' title='bbox 1340 4633 1416 4690; x_wconf 84' lang='lat' dir='ltr'>vobis</span> <span class='ocrx_word' id='word_1_717' title='bbox 1435 4647 1548 4705; x_wconf 71' lang='lat' dir='ltr'>regnum</span> <span class='ocrx_word' id='word_1_718' title='bbox 1564 4632 1789 4690; x_wconf 87' lang='lat' dir='ltr'>aconstitutinne</span> <span class='ocrx_word' id='word_1_719' title='bbox 1810 4627 1901 4688; x_wconf 87' lang='lat' dir='ltr'>munli.</span> 
     </span>
     <span class='ocr_line' id='line_1_47' title="bbox 268 4697 1905 4800; baseline -0.003 -17"><span class='ocrx_word' id='word_1_720' title='bbox 268 4741 365 4783; x_wconf 80' lang='lat' dir='ltr'>nutries</span> <span class='ocrx_word' id='word_1_721' title='bbox 380 4724 502 4799; x_wconf 72' lang='lat' dir='ltr'>virgines</span> <span class='ocrx_word' id='word_1_722' title='bbox 521 4727 586 4796; x_wconf 81' lang='lat' dir='ltr'>ille,</span> <span class='ocrx_word' id='word_1_723' title='bbox 608 4735 638 4784; x_wconf 91' lang='lat' dir='ltr'>et</span> <span class='ocrx_word' id='word_1_724' title='bbox 651 4735 819 4785; x_wconf 82' lang='lat' dir='ltr'>ornaverunt</span> <span class='ocrx_word' id='word_1_725' title='bbox 837 4729 976 4800; x_wconf 87' lang='lat' dir='ltr'>lampades</span> <span class='ocrx_word' id='word_1_726' title='bbox 988 4745 1064 4788; x_wconf 86' lang='lat' dir='ltr'>snas.</span> <span class='ocrx_word' id='word_1_727' title='bbox 1080 4697 1105 4758; x_wconf 77' lang='lat'>⁰</span> <span class='ocrx_word' id='word_1_728' title='bbox 1119 4729 1226 4787; x_wconf 82' lang='lat' dir='ltr'>Esuriri</span> <span class='ocrx_word' id='word_1_729' title='bbox 1241 4730 1324 4795; x_wconf 87' lang='lat' dir='ltr'>euim,</span> <span class='ocrx_word' id='word_1_730' title='bbox 1336 4739 1365 4786; x_wconf 91' lang='lat' dir='ltr'>et</span> <span class='ocrx_word' id='word_1_731' title='bbox 1376 4728 1494 4786; x_wconf 87' lang='lat' dir='ltr'>dedistis</span> <span class='ocrx_word' id='word_1_732' title='bbox 1505 4728 1570 4786; x_wconf 87' lang='lat' dir='ltr'>milti</span> <span class='ocrx_word' id='word_1_733' title='bbox 1591 4729 1776 4786; x_wconf 87' lang='lat' dir='ltr'>manducare:</span> <span class='ocrx_word' id='word_1_734' title='bbox 1791 4725 1871 4789; x_wconf 82' lang='lat' dir='ltr'>sitiri,</span> <span class='ocrx_word' id='word_1_735' title='bbox 1881 4727 1905 4777; x_wconf 86' lang='lat' dir='ltr'>et</span> 
     </span>
     <span class='ocr_line' id='line_1_48' title="bbox 268 4818 1901 4895; baseline -0.004 -18"><span class='ocrx_word' id='word_1_736' title='bbox 268 4818 362 4878; x_wconf 69' lang='lat' dir='ltr'>Fatue</span> <span class='ocrx_word' id='word_1_737' title='bbox 383 4829 474 4879; x_wconf 81' lang='grc' dir='ltr'>ιιιιειιι</span> <span class='ocrx_word' id='word_1_738' title='bbox 499 4821 668 4893; x_wconf 86' lang='lat' dir='ltr'>rapientibus</span> <span class='ocrx_word' id='word_1_739' title='bbox 690 4820 836 4880; x_wconf 77' lang='lat' dir='ltr'>dixerunt:</span> <span class='ocrx_word' id='word_1_740' title='bbox 851 4823 916 4880; x_wconf 84' lang='lat' dir='ltr'>bate</span> <span class='ocrx_word' id='word_1_741' title='bbox 939 4823 1020 4882; x_wconf 84' lang='lat' dir='ltr'>uobis</span> <span class='ocrx_word' id='word_1_742' title='bbox 1033 4825 1067 4884; x_wconf 86' lang='lat' dir='ltr'>de</span> <span class='ocrx_word' id='word_1_743' title='bbox 1118 4823 1232 4882; x_wconf 86' lang='lat' dir='ltr'>dedistis</span> <span class='ocrx_word' id='word_1_744' title='bbox 1246 4823 1540 4895; x_wconf 84' lang='lat' dir='ltr'>miltibibcre:lrospes</span> <span class='ocrx_word' id='word_1_745' title='bbox 1549 4837 1637 4891; x_wconf 88' lang='lat' dir='ltr'>eram,</span> <span class='ocrx_word' id='word_1_746' title='bbox 1653 4832 1680 4879; x_wconf 88' lang='lat' dir='ltr'>ot</span> <span class='ocrx_word' id='word_1_747' title='bbox 1690 4820 1838 4892; x_wconf 74' lang='lat' dir='ltr'>collegistis</span> <span class='ocrx_word' id='word_1_748' title='bbox 1852 4830 1901 4872; x_wconf 89' lang='lat' dir='ltr'>me:</span> 
     </span>
     <span class='ocr_line' id='line_1_49' title="bbox 266 4914 1901 4990; baseline -0.004 -19"><span class='ocrx_word' id='word_1_749' title='bbox 266 4914 330 4971; x_wconf 88' lang='lat' dir='ltr'>oleo</span> <span class='ocrx_word' id='word_1_750' title='bbox 344 4925 447 4986; x_wconf 67' lang='lat' dir='ltr'>rutro,</span> <span class='ocrx_word' id='word_1_751' title='bbox 469 4916 532 4990; x_wconf 81' lang='lat' dir='ltr'>quia</span> <span class='ocrx_word' id='word_1_752' title='bbox 557 4915 696 4988; x_wconf 83' lang='lat' dir='ltr'>lampades</span> <span class='ocrx_word' id='word_1_753' title='bbox 722 4926 824 4973; x_wconf 75' lang='lat' dir='ltr'>nostrae</span> <span class='ocrx_word' id='word_1_754' title='bbox 844 4918 1065 4990; x_wconf 68' lang='lat' dir='ltr'>exstinguuntur.</span> <span class='ocrx_word' id='word_1_755' title='bbox 1118 4919 1252 4990; x_wconf 90' lang='lat' dir='ltr'>nudus,et</span> <span class='ocrx_word' id='word_1_756' title='bbox 1265 4917 1448 4990; x_wconf 89' lang='lat' dir='ltr'>cooperuistis</span> <span class='ocrx_word' id='word_1_757' title='bbox 1460 4915 1662 4985; x_wconf 77' lang='lat' dir='ltr'>maritimus,</span> <span class='ocrx_word' id='word_1_758' title='bbox 1675 4925 1703 4973; x_wconf 89' lang='lat' dir='ltr'>et</span> <span class='ocrx_word' id='word_1_759' title='bbox 1716 4914 1901 4972; x_wconf 72' lang='lat' dir='ltr'>visitastisme:</span> 
     </span>
     <span class='ocr_line' id='line_1_50' title="bbox 266 5004 1904 5080; baseline 0.002 -18"><span class='ocrx_word' id='word_1_760' title='bbox 266 5004 476 5077; x_wconf 83' lang='lat' dir='ltr'>Responderunt</span> <span class='ocrx_word' id='word_1_761' title='bbox 486 5007 643 5080; x_wconf 87' lang='lat' dir='ltr'>prudentes,</span> <span class='ocrx_word' id='word_1_762' title='bbox 659 5007 798 5066; x_wconf 82' lang='lat' dir='ltr'>dicentes:</span> <span class='ocrx_word' id='word_1_763' title='bbox 808 5008 847 5066; x_wconf 83' lang='lat' dir='ltr'>lle</span> <span class='ocrx_word' id='word_1_764' title='bbox 861 5010 930 5066; x_wconf 89' lang='lat' dir='ltr'>lortc</span> <span class='ocrx_word' id='word_1_765' title='bbox 941 5025 996 5069; x_wconf 91' lang='lat' dir='ltr'>uon</span> <span class='ocrx_word' id='word_1_766' title='bbox 1012 5012 1068 5068; x_wconf 90' lang='lat' dir='ltr'>sul·</span> <span class='ocrx_word' id='word_1_767' title='bbox 1120 5013 1148 5070; x_wconf 90' lang='lat' dir='ltr'>in</span> <span class='ocrx_word' id='word_1_768' title='bbox 1162 5026 1273 5070; x_wconf 89' lang='lat' dir='ltr'>carcere</span> <span class='ocrx_word' id='word_1_769' title='bbox 1283 5026 1368 5078; x_wconf 90' lang='lat' dir='ltr'>eram,</span> <span class='ocrx_word' id='word_1_770' title='bbox 1385 5017 1413 5068; x_wconf 87' lang='lat' dir='ltr'>ot</span> <span class='ocrx_word' id='word_1_771' title='bbox 1432 5010 1547 5068; x_wconf 82' lang='lat' dir='ltr'>vertistis</span> <span class='ocrx_word' id='word_1_772' title='bbox 1561 5010 1595 5066; x_wconf 88' lang='lat' dir='ltr'>ud</span> <span class='ocrx_word' id='word_1_773' title='bbox 1610 5025 1663 5067; x_wconf 90' lang='lat' dir='ltr'>me.</span> <span class='ocrx_word' id='word_1_774' title='bbox 1676 5009 1752 5066; x_wconf 86' lang='lat' dir='ltr'>&#39;lunc</span> <span class='ocrx_word' id='word_1_775' title='bbox 1767 5005 1904 5078; x_wconf 76' lang='lat' dir='ltr'>respoude-</span> 
     </span>
     <span class='ocr_line' id='line_1_51' title="bbox 265 5097 1901 5178; baseline -0.002 -23"><span class='ocrx_word' id='word_1_776' title='bbox 265 5097 340 5156; x_wconf 88' lang='lat' dir='ltr'>dciat</span> <span class='ocrx_word' id='word_1_777' title='bbox 358 5100 438 5159; x_wconf 85' lang='lat' dir='ltr'>nobit</span> <span class='ocrx_word' id='word_1_778' title='bbox 465 5109 494 5160; x_wconf 88' lang='lat' dir='ltr'>et</span> <span class='ocrx_word' id='word_1_779' title='bbox 517 5102 612 5171; x_wconf 86' lang='lat' dir='ltr'>vobis,</span> <span class='ocrx_word' id='word_1_780' title='bbox 632 5102 671 5160; x_wconf 86' lang='lat' dir='ltr'>ite</span> <span class='ocrx_word' id='word_1_781' title='bbox 697 5102 788 5175; x_wconf 88' lang='lat' dir='ltr'>potius</span> <span class='ocrx_word' id='word_1_782' title='bbox 810 5102 844 5159; x_wconf 87' lang='lat' dir='ltr'>ad</span> <span class='ocrx_word' id='word_1_783' title='bbox 866 5105 1027 5176; x_wconf 84' lang='lat' dir='ltr'>rendentes,</span> <span class='ocrx_word' id='word_1_784' title='bbox 1040 5117 1069 5166; x_wconf 91' lang='lat' dir='ltr'>et</span> <span class='ocrx_word' id='word_1_785' title='bbox 1119 5107 1186 5164; x_wconf 87' lang='lat' dir='ltr'>burt</span> <span class='ocrx_word' id='word_1_786' title='bbox 1199 5107 1225 5163; x_wconf 86' lang='lat' dir='ltr'>ei</span> <span class='ocrx_word' id='word_1_787' title='bbox 1236 5105 1313 5178; x_wconf 79' lang='lat' dir='ltr'>iusti,</span> <span class='ocrx_word' id='word_1_788' title='bbox 1329 5104 1453 5162; x_wconf 88' lang='lat' dir='ltr'>dicentes</span> <span class='ocrx_word' id='word_1_789' title='bbox 1467 5122 1474 5160; x_wconf 79' lang='grc' dir='ltr'>ι</span> <span class='ocrx_word' id='word_1_790' title='bbox 1490 5105 1616 5172; x_wconf 86' lang='lat' dir='ltr'>bomine,</span> <span class='ocrx_word' id='word_1_791' title='bbox 1633 5103 1743 5176; x_wconf 82' lang='lat' dir='ltr'>quando</span> <span class='ocrx_word' id='word_1_792' title='bbox 1758 5114 1783 5160; x_wconf 89' lang='lat' dir='ltr'>te</span> <span class='ocrx_word' id='word_1_793' title='bbox 1797 5100 1901 5157; x_wconf 79' lang='lat' dir='ltr'>uidimus</span> 
     </span>
     <span class='ocr_line' id='line_1_52' title="bbox 265 5190 1901 5272; baseline -0.002 -22"><span class='ocrx_word' id='word_1_794' title='bbox 265 5193 350 5251; x_wconf 87' lang='lat' dir='ltr'>emite</span> <span class='ocrx_word' id='word_1_795' title='bbox 360 5194 451 5253; x_wconf 87' lang='lat' dir='ltr'>robis.</span> <span class='ocrx_word' id='word_1_796' title='bbox 462 5195 532 5254; x_wconf 79' lang='lat' dir='ltr'>burn</span> <span class='ocrx_word' id='word_1_797' title='bbox 543 5207 634 5254; x_wconf 84' lang='lat' dir='ltr'>autern</span> <span class='ocrx_word' id='word_1_798' title='bbox 649 5199 720 5254; x_wconf 90' lang='lat' dir='ltr'>irent</span> <span class='ocrx_word' id='word_1_799' title='bbox 730 5200 919 5266; x_wconf 64' lang='lat' dir='ltr'>emarcuerit</span> <span class='ocrx_word' id='word_1_800' title='bbox 930 5215 1064 5270; x_wconf 84' lang='lat' dir='ltr'>sponsus:</span> <span class='ocrx_word' id='word_1_801' title='bbox 1119 5203 1330 5271; x_wconf 85' lang='lat' dir='ltr'>esurientetn,er</span> <span class='ocrx_word' id='word_1_802' title='bbox 1344 5199 1468 5272; x_wconf 86' lang='lat' dir='ltr'>petimus</span> <span class='ocrx_word' id='word_1_803' title='bbox 1481 5210 1506 5257; x_wconf 89' lang='lat' dir='ltr'>te</span> <span class='ocrx_word' id='word_1_804' title='bbox 1517 5199 1679 5270; x_wconf 81' lang='lat' dir='ltr'>rsiticuteur,</span> <span class='ocrx_word' id='word_1_805' title='bbox 1691 5207 1720 5256; x_wconf 88' lang='lat' dir='ltr'>et</span> <span class='ocrx_word' id='word_1_806' title='bbox 1732 5197 1850 5255; x_wconf 87' lang='lat' dir='ltr'>dedimus</span> <span class='ocrx_word' id='word_1_807' title='bbox 1860 5190 1901 5248; x_wconf 89' lang='lat' dir='ltr'>tibi</span> 
     </span>
     <span class='ocr_line' id='line_1_53' title="bbox 264 5285 1901 5370; baseline -0.001 -26"><span class='ocrx_word' id='word_1_808' title='bbox 264 5296 363 5359; x_wconf 80' lang='lat' dir='ltr'>etque</span> <span class='ocrx_word' id='word_1_809' title='bbox 377 5299 579 5363; x_wconf 77' lang='lat' dir='ltr'>peruicerunt,</span> <span class='ocrx_word' id='word_1_810' title='bbox 594 5291 767 5349; x_wconf 84' lang='lat' dir='ltr'>intrauerunt</span> <span class='ocrx_word' id='word_1_811' title='bbox 780 5307 842 5348; x_wconf 88' lang='lat' dir='ltr'>curu</span> <span class='ocrx_word' id='word_1_812' title='bbox 854 5308 888 5348; x_wconf 91' lang='lat' dir='ltr'>eo</span> <span class='ocrx_word' id='word_1_813' title='bbox 900 5293 935 5351; x_wconf 92' lang='lat' dir='ltr'>ad</span> <span class='ocrx_word' id='word_1_814' title='bbox 945 5295 1063 5369; x_wconf 90' lang='lat' dir='ltr'>nuptias,</span> <span class='ocrx_word' id='word_1_815' title='bbox 1117 5297 1229 5370; x_wconf 86' lang='lat' dir='ltr'>potumi</span> <span class='ocrx_word' id='word_1_816' title='bbox 1242 5295 1359 5366; x_wconf 83' lang='lat' dir='ltr'>Quando</span> <span class='ocrx_word' id='word_1_817' title='bbox 1373 5301 1463 5350; x_wconf 89' lang='lat' dir='ltr'>autem</span> <span class='ocrx_word' id='word_1_818' title='bbox 1478 5302 1504 5350; x_wconf 91' lang='lat' dir='ltr'>te</span> <span class='ocrx_word' id='word_1_819' title='bbox 1518 5293 1635 5350; x_wconf 87' lang='lat' dir='ltr'>uidimus</span> <span class='ocrx_word' id='word_1_820' title='bbox 1649 5291 1793 5363; x_wconf 82' lang='lat' dir='ltr'>hospitem,</span> <span class='ocrx_word' id='word_1_821' title='bbox 1808 5297 1834 5347; x_wconf 88' lang='lat' dir='ltr'>et</span> <span class='ocrx_word' id='word_1_822' title='bbox 1852 5285 1901 5344; x_wconf 88' lang='lat' dir='ltr'>col·</span> 
     </span>
     <span class='ocr_line' id='line_1_54' title="bbox 264 5379 1901 5461; baseline 0 -25"><span class='ocrx_word' id='word_1_823' title='bbox 264 5388 293 5436; x_wconf 87' lang='lat' dir='ltr'>st</span> <span class='ocrx_word' id='word_1_824' title='bbox 308 5379 402 5437; x_wconf 88' lang='lat' dir='ltr'>clausa</span> <span class='ocrx_word' id='word_1_825' title='bbox 415 5395 457 5439; x_wconf 84' lang='lat' dir='ltr'>est</span> <span class='ocrx_word' id='word_1_826' title='bbox 475 5383 569 5455; x_wconf 85' lang='lat' dir='ltr'>janua.</span> <span class='ocrx_word' id='word_1_827' title='bbox 584 5383 739 5443; x_wconf 77' lang='lat' dir='ltr'>Nouissime</span> <span class='ocrx_word' id='word_1_828' title='bbox 753 5399 820 5444; x_wconf 85' lang='lat' dir='ltr'>uero</span> <span class='ocrx_word' id='word_1_829' title='bbox 833 5387 949 5445; x_wconf 82' lang='lat' dir='ltr'>ueniunt</span> <span class='ocrx_word' id='word_1_830' title='bbox 962 5396 990 5444; x_wconf 91' lang='grc' dir='ltr'>ει</span> <span class='ocrx_word' id='word_1_831' title='bbox 1002 5389 1065 5446; x_wconf 91' lang='lat' dir='ltr'>reli·</span> <span class='ocrx_word' id='word_1_832' title='bbox 1115 5389 1232 5461; x_wconf 80' lang='lat' dir='ltr'>lepiutus</span> <span class='ocrx_word' id='word_1_833' title='bbox 1256 5397 1282 5446; x_wconf 89' lang='lat' dir='ltr'>te</span> <span class='ocrx_word' id='word_1_834' title='bbox 1299 5407 1305 5444; x_wconf 92' lang='lat'>:</span> <span class='ocrx_word' id='word_1_835' title='bbox 1324 5395 1372 5446; x_wconf 87' lang='lat' dir='ltr'>aut</span> <span class='ocrx_word' id='word_1_836' title='bbox 1393 5386 1509 5455; x_wconf 84' lang='lat' dir='ltr'>nudum,</span> <span class='ocrx_word' id='word_1_837' title='bbox 1528 5395 1556 5444; x_wconf 91' lang='lat' dir='ltr'>et</span> <span class='ocrx_word' id='word_1_838' title='bbox 1574 5383 1765 5458; x_wconf 86' lang='lat' dir='ltr'>cooperuimus</span> <span class='ocrx_word' id='word_1_839' title='bbox 1787 5383 1832 5440; x_wconf 86' lang='lat' dir='ltr'>tei</span> <span class='ocrx_word' id='word_1_840' title='bbox 1855 5381 1901 5436; x_wconf 84' lang='lat' dir='ltr'>lut</span> 
     </span>
     <span class='ocr_line' id='line_1_55' title="bbox 263 5469 1901 5555; baseline 0 -30"><span class='ocrx_word' id='word_1_841' title='bbox 263 5483 325 5541; x_wconf 76' lang='lat' dir='ltr'>que</span> <span class='ocrx_word' id='word_1_842' title='bbox 336 5469 470 5544; x_wconf 72' lang='lat' dir='ltr'>uirgines,</span> <span class='ocrx_word' id='word_1_843' title='bbox 481 5474 602 5533; x_wconf 86' lang='lat' dir='ltr'>diceutes</span> <span class='ocrx_word' id='word_1_844' title='bbox 619 5494 626 5533; x_wconf 79' lang='grc' dir='ltr'>ι</span> <span class='ocrx_word' id='word_1_845' title='bbox 642 5475 770 5545; x_wconf 80' lang='lat' dir='ltr'>bomine,</span> <span class='ocrx_word' id='word_1_846' title='bbox 788 5477 911 5545; x_wconf 87' lang='lat' dir='ltr'>bomine,</span> <span class='ocrx_word' id='word_1_847' title='bbox 926 5478 1002 5552; x_wconf 87' lang='lat' dir='ltr'>aperi</span> <span class='ocrx_word' id='word_1_848' title='bbox 1016 5495 1066 5537; x_wconf 90' lang='lat' dir='ltr'>uo·</span> <span class='ocrx_word' id='word_1_849' title='bbox 1116 5482 1225 5555; x_wconf 75' lang='lat' dir='ltr'>qnando</span> <span class='ocrx_word' id='word_1_850' title='bbox 1237 5490 1265 5539; x_wconf 90' lang='lat' dir='ltr'>te</span> <span class='ocrx_word' id='word_1_851' title='bbox 1279 5481 1398 5538; x_wconf 79' lang='lat' dir='ltr'>vidimus</span> <span class='ocrx_word' id='word_1_852' title='bbox 1414 5479 1563 5548; x_wconf 80' lang='lat' dir='ltr'>infirmum,</span> <span class='ocrx_word' id='word_1_853' title='bbox 1575 5479 1658 5536; x_wconf 88' lang='lat' dir='ltr'>autin</span> <span class='ocrx_word' id='word_1_854' title='bbox 1668 5492 1787 5548; x_wconf 84' lang='lat' dir='ltr'>earcere,</span> <span class='ocrx_word' id='word_1_855' title='bbox 1799 5485 1826 5531; x_wconf 91' lang='grc' dir='ltr'>ει</span> <span class='ocrx_word' id='word_1_856' title='bbox 1835 5471 1901 5529; x_wconf 79' lang='lat' dir='ltr'>reui-</span> 
     </span>
     <span class='ocr_line' id='line_1_56' title="bbox 262 5560 1900 5646; baseline 0.001 -27"><span class='ocrx_word' id='word_1_857' title='bbox 262 5560 317 5620; x_wconf 87' lang='lat' dir='ltr'>bis.</span> <span class='ocrx_word' id='word_1_858' title='bbox 332 5562 369 5621; x_wconf 79' lang='lat' dir='ltr'>At</span> <span class='ocrx_word' id='word_1_859' title='bbox 381 5565 428 5622; x_wconf 93' lang='lat' dir='ltr'>ille</span> <span class='ocrx_word' id='word_1_860' title='bbox 442 5568 610 5640; x_wconf 87' lang='lat' dir='ltr'>respondeus</span> <span class='ocrx_word' id='word_1_861' title='bbox 619 5571 659 5628; x_wconf 89' lang='lat' dir='ltr'>ait</span> <span class='ocrx_word' id='word_1_862' title='bbox 674 5587 682 5627; x_wconf 76' lang='grc' dir='ltr'>ι</span> <span class='ocrx_word' id='word_1_863' title='bbox 696 5572 784 5630; x_wconf 77' lang='lat' dir='ltr'>Amen</span> <span class='ocrx_word' id='word_1_864' title='bbox 796 5573 858 5632; x_wconf 83' lang='lat' dir='ltr'>dico</span> <span class='ocrx_word' id='word_1_865' title='bbox 871 5575 959 5643; x_wconf 88' lang='lat' dir='ltr'>tobis,</span> <span class='ocrx_word' id='word_1_866' title='bbox 971 5576 1065 5634; x_wconf 87' lang='lat' dir='ltr'>neseio</span> <span class='ocrx_word' id='word_1_867' title='bbox 1117 5575 1219 5634; x_wconf 87' lang='lat' dir='ltr'>mnsad</span> <span class='ocrx_word' id='word_1_868' title='bbox 1234 5575 1279 5633; x_wconf 88' lang='lat' dir='ltr'>tel</span> <span class='ocrx_word' id='word_1_869' title='bbox 1290 5574 1325 5632; x_wconf 85' lang='lat' dir='ltr'>Et</span> <span class='ocrx_word' id='word_1_870' title='bbox 1335 5573 1504 5646; x_wconf 83' lang='lat' dir='ltr'>respondeus</span> <span class='ocrx_word' id='word_1_871' title='bbox 1515 5588 1574 5641; x_wconf 84' lang='lat' dir='ltr'>rex,</span> <span class='ocrx_word' id='word_1_872' title='bbox 1587 5572 1660 5629; x_wconf 88' lang='lat' dir='ltr'>dicct</span> <span class='ocrx_word' id='word_1_873' title='bbox 1673 5568 1837 5627; x_wconf 69' lang='lat' dir='ltr'>illisadmcn</span> <span class='ocrx_word' id='word_1_874' title='bbox 1846 5563 1900 5622; x_wconf 89' lang='lat' dir='ltr'>dico</span> 
     </span>
     <span class='ocr_line' id='line_1_57' title="bbox 263 5655 1900 5744; baseline -0.001 -30"><span class='ocrx_word' id='word_1_875' title='bbox 263 5669 323 5716; x_wconf 85' lang='lat' dir='ltr'>rot.</span> <span class='ocrx_word' id='word_1_876' title='bbox 350 5657 468 5732; x_wconf 72' lang='lat' dir='ltr'>Vigilate</span> <span class='ocrx_word' id='word_1_877' title='bbox 493 5661 596 5736; x_wconf 82' lang='lat' dir='ltr'>itaque,</span> <span class='ocrx_word' id='word_1_878' title='bbox 614 5664 679 5737; x_wconf 81' lang='lat' dir='ltr'>onia</span> <span class='ocrx_word' id='word_1_879' title='bbox 694 5667 805 5726; x_wconf 89' lang='lat' dir='ltr'>nescitis</span> <span class='ocrx_word' id='word_1_880' title='bbox 813 5667 899 5739; x_wconf 83' lang='lat' dir='ltr'>diem,</span> <span class='ocrx_word' id='word_1_881' title='bbox 911 5684 1000 5744; x_wconf 79' lang='lat' dir='ltr'>nequo</span> <span class='ocrx_word' id='word_1_882' title='bbox 1015 5669 1064 5728; x_wconf 86' lang='lat' dir='ltr'>lto·</span> <span class='ocrx_word' id='word_1_883' title='bbox 1115 5668 1206 5739; x_wconf 82' lang='lat' dir='ltr'>robis,</span> <span class='ocrx_word' id='word_1_884' title='bbox 1220 5667 1352 5741; x_wconf 86' lang='lat' dir='ltr'>quamdiu</span> <span class='ocrx_word' id='word_1_885' title='bbox 1367 5665 1525 5724; x_wconf 85' lang='lat' dir='ltr'>iucistisuni</span> <span class='ocrx_word' id='word_1_886' title='bbox 1536 5680 1570 5723; x_wconf 85' lang='lat' dir='ltr'>ex</span> <span class='ocrx_word' id='word_1_887' title='bbox 1585 5665 1627 5722; x_wconf 85' lang='lat' dir='ltr'>luis</span> <span class='ocrx_word' id='word_1_888' title='bbox 1640 5661 1768 5721; x_wconf 84' lang='lat' dir='ltr'>iratribus</span> <span class='ocrx_word' id='word_1_889' title='bbox 1779 5659 1842 5717; x_wconf 88' lang='lat' dir='ltr'>meis</span> <span class='ocrx_word' id='word_1_890' title='bbox 1854 5655 1900 5713; x_wconf 90' lang='lat' dir='ltr'>mi·</span> 
     </span>
    </p>
   </div>
   <div class='ocr_carea' id='block_1_13' title="bbox 259 5843 1899 5999">
    <p class='ocr_par' dir='ltr' id='par_1_14' title="bbox 259 5843 1899 5999">
     <span class='ocr_line' id='line_1_58' title="bbox 300 5843 1899 5930; baseline 0.011 -30"><span class='ocrx_word' id='word_1_891' title='bbox 300 5853 311 5881; x_wconf 86' lang='lat'><strong>¹</strong></span> <span class='ocrx_word' id='word_1_892' title='bbox 324 5843 436 5902; x_wconf 74' lang='lat' dir='ltr'>Addunt</span> <span class='ocrx_word' id='word_1_893' title='bbox 449 5845 571 5902; x_wconf 87' lang='lat' dir='ltr'>norruulli</span> <span class='ocrx_word' id='word_1_894' title='bbox 586 5845 691 5930; x_wconf 61' lang='lat' dir='ltr'>sulcati</span> <span class='ocrx_word' id='word_1_895' title='bbox 701 5847 776 5917; x_wconf 90' lang='lat' dir='ltr'>libri,</span> <span class='ocrx_word' id='word_1_896' title='bbox 790 5849 886 5906; x_wconf 86' lang='lat' dir='ltr'>liaoin</span> <span class='ocrx_word' id='word_1_897' title='bbox 897 5853 975 5918; x_wconf 83' lang='lat' dir='ltr'>terto,</span> <span class='ocrx_word' id='word_1_898' title='bbox 986 5871 1055 5914; x_wconf 82' lang='lat' dir='ltr'>anst</span> <span class='ocrx_word' id='word_1_899' title='bbox 1109 5855 1212 5926; x_wconf 72' lang='lat' dir='ltr'>aliquot</span> <span class='ocrx_word' id='word_1_900' title='bbox 1225 5854 1392 5925; x_wconf 83' lang='lat' dir='ltr'>exemplaria</span> <span class='ocrx_word' id='word_1_901' title='bbox 1408 5853 1471 5912; x_wconf 78' lang='lat' dir='ltr'>:ida</span> <span class='ocrx_word' id='word_1_902' title='bbox 1487 5854 1530 5911; x_wconf 80' lang='lat' dir='ltr'>iri</span> <span class='ocrx_word' id='word_1_903' title='bbox 1544 5853 1628 5915; x_wconf 71' lang='lat' dir='ltr'>alitur</span> <span class='ocrx_word' id='word_1_904' title='bbox 1642 5855 1712 5926; x_wconf 72' lang='grc' dir='ltr'>μιᾶς·</span> <span class='ocrx_word' id='word_1_905' title='bbox 1727 5847 1763 5914; x_wconf 67' lang='lat' dir='ltr'>tis</span> <span class='ocrx_word' id='word_1_906' title='bbox 1775 5847 1899 5924; x_wconf 62' lang='grc'>1119111115·</span> 
     </span>
     <span class='ocr_line' id='line_1_59' title="bbox 259 5917 1461 5999; baseline 0.007 -26"><span class='ocrx_word' id='word_1_907' title='bbox 259 5925 417 5986; x_wconf 81' lang='lat' dir='ltr'>sttttmetttr,</span> <span class='ocrx_word' id='word_1_908' title='bbox 432 5925 459 5972; x_wconf 83' lang='lat' dir='ltr'>tt</span> <span class='ocrx_word' id='word_1_909' title='bbox 467 5933 535 5973; x_wconf 84' lang='grc' dir='ltr'>ιιιιιιι</span> <span class='ocrx_word' id='word_1_910' title='bbox 544 5917 705 5989; x_wconf 77' lang='lat' dir='ltr'>relinquetur</span> <span class='ocrx_word' id='word_1_911' title='bbox 718 5935 727 5974; x_wconf 91' lang='lat'><em>:</em></span> <span class='ocrx_word' id='word_1_912' title='bbox 738 5936 798 5992; x_wconf 79' lang='lat' dir='ltr'>oute</span> <span class='ocrx_word' id='word_1_913' title='bbox 809 5931 837 5980; x_wconf 78' lang='lat' dir='ltr'>el</span> <span class='ocrx_word' id='word_1_914' title='bbox 850 5921 944 5984; x_wconf 70' lang='lat' dir='ltr'>Gtaettt</span> <span class='ocrx_word' id='word_1_915' title='bbox 957 5923 1060 5982; x_wconf 85' lang='lat' dir='ltr'>babent</span> <span class='ocrx_word' id='word_1_916' title='bbox 1113 5929 1234 5996; x_wconf 72' lang='grc' dir='ltr'>Εὰνιτιιι,</span> <span class='ocrx_word' id='word_1_917' title='bbox 1248 5929 1291 5986; x_wconf 77' lang='lat' dir='ltr'>eal</span> <span class='ocrx_word' id='word_1_918' title='bbox 1303 5923 1339 5989; x_wconf 76' lang='lat' dir='ltr'>rie</span> <span class='ocrx_word' id='word_1_919' title='bbox 1351 5928 1461 5999; x_wconf 74' lang='grc' dir='ltr'>ἀφίεται.</span> 
     </span>
    </p>
   </div>
   <div class='ocr_carea' id='block_1_14' title="bbox 0 0 2014 6327">
    <p class='ocr_par' dir='ltr' id='par_1_15' title="bbox 0 0 2014 6327">
     <span class='ocr_line' id='line_1_60' title="bbox 0 0 2014 6327; baseline 0 0"><span class='ocrx_word' id='word_1_920' title='bbox 0 0 2014 6327; x_wconf 95' lang='lat' dir='ltr'> </span> 
     </span>
    </p>
   </div>
  </div>
 </body>
</html>
