4017 6334
224 319 278 379 705
723 314 754 373 S.
777 310 971 372 tttaltotttttt
988 308 1107 368 DlVthi
1128 310 1368 371 stottotttttca.
1820 309 1871 369 lot

223 441 384 510 Simonem,
406 442 454 517 qni
472 439 684 514 cognominatur
696 438 813 507 Petrus,
834 437 880 510 qui
897 437 1025 508 loquetur
1037 432 1065 495 Α
1078 441 1198 489 mentunt
1211 441 1298 503 tuum,
1314 443 1344 490 et
1355 447 1473 506 sequere
1484 447 1539 491 me.
1555 431 1591 490 lit
1605 433 1699 489 exiens
1712 431 1876 506 sequebatur

224 535 275 592 tibi
285 535 387 604 rerba,
405 536 433 591 in
446 533 714 608 quibuaaalruseria
726 541 772 599 tu,
790 540 818 588 et
830 531 962 587 universa
976 529 1027 584 do·
1078 544 1153 604 eunt,
1175 537 1203 584 et
1217 529 1358 587 nesciebat
1370 530 1434 602 quia
1455 544 1547 586 rerum
1567 537 1619 598 εει,
1636 527 1708 600 quod
1727 525 1808 582 debat
1827 541 1877 599 per

223 644 284 686 mua
297 637 355 686 tua.
374 627 444 687 Cum
466 639 558 686 autem
585 628 732 701 coepissem
747 625 837 697 loqui,
852 622 950 680 cecidit
965 622 1026 694 Spi-
1078 624 1205 696 angelum
1215 623 1407 680 :existimabat
1419 634 1508 680 autent
1521 638 1552 680 se
1565 627 1652 680 risum
1666 620 1878 678 tiderc.'lrans-

226 723 298 782 ritus
313 735 425 781 sanetus
447 739 530 795 super
551 738 621 791 eos,
645 721 717 778 sicut
737 728 765 775 ει
787 719 814 774 in
831 732 881 775 nos
895 717 925 774 in
937 716 1026 774 initio.
1079 727 1177 776 euntes
1200 731 1290 777 autem
1306 720 1420 789 primam
1437 727 1464 776 et
1478 719 1624 777 secundam
1638 711 1810 784 custodierit,
1831 730 1879 773 re-

228 816 399 875 Rerordatua
419 832 478 872 sum
505 828 596 873 antem
617 815 693 872 serbi
716 812 846 882 Domini,
862 811 934 869 sicut
952 809 1029 866 dire·
1081 824 1179 868 nerunt
1191 812 1225 869 ad
1239 822 1344 884 portant
1357 812 1498 881 Ferreum,
1514 828 1575 885 qua
1588 811 1662 868 ducit
1673 811 1706 868 ad
1722 811 1877 867 civitatem:

228 912 291 968 bat:
316 910 436 968 loannes
461 910 571 983 quidem
593 909 745 980 baptizarit
765 923 852 980 aqua,
872 913 1028 964 vosautem
1080 925 1141 980 qnae
1158 910 1229 965 ultro
1244 916 1336 980 aperta
1357 918 1399 964 εει
1412 907 1461 964 εἰε.
1487 907 1522 964 Ει
1540 897 1674 964 exeuntes
1686 911 1880 979 processerunt

231 1004 436 1075 baptizabimini
453 1003 556 1075 Spiritu
568 999 674 1061 sancto.
700 1001 729 1060 Si
743 1016 808 1072 ergo
828 999 951 1057 eamdem
965 1014 1029 1070 gra·
1080 1003 1170 1058 virum
1188 1018 1271 1059 unum
1284 1019 1292 1056 ε
1304 1013 1332 1059 ει
1346 1003 1479 1059 continuo
1500 999 1627 1058 discessit
1648 999 1762 1071 angelus
1784 999 1821 1054 ab
1835 1013 1880 1056 eo.

229 1099 295 1158 tiam
317 1099 393 1158 dedit
409 1099 464 1157 illis
481 1093 567 1168 Deus,
582 1100 652 1156 sient
665 1107 694 1156 ct
707 1097 786 1154 nobis
801 1097 847 1169 qni
862 1093 1031 1153 credidimus
1082 1096 1115 1152 Et
1134 1095 1231 1152 Petrus
1250 1095 1284 1151 ad
1300 1110 1330 1152 se
1355 1110 1492 1162 reversus,
1508 1095 1581 1151 dixit
1601 1111 1608 1148 r
1633 1093 1710 1152 Nunc
1724 1093 1782 1150 seio
1802 1107 1896 1160 rere,¹

230 1193 259 1250 itt
278 1194 423 1251 Dominum
444 1195 537 1252 lesum
552 1193 711 1250 Christum:
725 1207 777 1264 ego
791 1191 851 1262 quis
870 1205 946 1248 eram
959 1233 967 1258 ,
983 1187 1030 1260 qui
1043 1217 1045 1224 ·
1082 1189 1143 1260 quia
1161 1189 1235 1244 misit
1251 1187 1381 1244 Dominus
1394 1186 1522 1258 angelum
1534 1201 1625 1252 strum,
1639 1193 1669 1244 ct
1680 1184 1783 1257 etipttit
1793 1183 1883 1242 mede

231 1303 339 1359 possem
361 1287 510 1359 probibere
532 1287 645 1344 Deum?
669 1286 719 1343 llis
733 1285 851 1354 auditis,
867 1293 1030 1342 tacuerunt:
1083 1297 1165 1337 manu
1180 1280 1307 1350 llerodis,¹
1326 1291 1352 1336 et
1369 1281 1403 1337 de
1422 1281 1496 1337 omni
1511 1281 1717 1352 exspectatione
1729 1279 1820 1352 plebis
1837 1279 1884 1337 Ju-

230 1379 488 1451 etglorilloarerunt
503 1380 601 1444 licum,
616 1379 760 1436 dicentes:
781 1379 853 1449 Ergo
865 1386 894 1434 ει
905 1378 1033 1449 gentibus
1082 1374 1215 1432 deorum.
1236 1372 1476 1447 Cortsideransque
1498 1374 1576 1430 venit
1599 1373 1632 1430 ad
1656 1373 1766 1430 domum
1792 1373 1885 1430 llariae

234 1469 423 1541 paenitentiam
445 1470 519 1528 dedit
545 1471 618 1528 licus
638 1471 672 1527 ad
695 1471 789 1526 ritam.
809 1470 843 1526 Et
857 1470 894 1526 illi
909 1470 1030 1542 quidem,
1083 1471 1178 1526 matris
1198 1468 1322 1532 loannis,
1346 1469 1392 1539 qui
1413 1469 1620 1539 cognominatus
1638 1477 1680 1524 εει
1699 1467 1818 1533 llarcus,
1839 1465 1885 1522 ubi

233 1563 278 1633 qui
294 1563 412 1634 dispersi
425 1563 536 1620 lucrant
549 1579 565 1619 a
581 1563 771 1630 tribulatione,
785 1579 847 1635 quae
859 1561 928 1618 iacta
944 1563 1034 1619 luerat
1083 1572 1161 1619 erant
1172 1562 1249 1618 multi
1260 1561 1426 1632 congregati,
1439 1569 1596 1618 ctorantes.
1608 1560 1737 1616 Pulsante
1747 1566 1841 1614 autem
1852 1573 1884 1614 eo

231 1657 283 1712 sub
295 1655 444 1727 Stepbano,
459 1658 717 1728 perambulaverunt
731 1657 859 1726 usquead
871 1655 1031 1726 Phoeben,
1084 1658 1184 1712 ostium
1198 1657 1298 1725 janum,
1321 1654 1454 1726 processit
1475 1655 1563 1727 puella
1585 1654 1618 1710 ad
1637 1651 1817 1722 audiendum,
1833 1668 1882 1707 no·

231 1757 261 1805 et
274 1746 412 1821 Cyprum,
435 1757 464 1805 et
483 1748 673 1815 llntiocbiam,
695 1748 799 1806 nemini
814 1749 957 1820 loquentes
972 1763 1046 1804 rer-¹
1084 1751 1157 1806 mine
1171 1749 1275 1805 ilbodo.
1287 1749 1321 1804 Et
1331 1757 1361 1805 ut
1371 1749 1499 1821 cognovit
1511 1763 1605 1806 vocent
1617 1747 1702 1816 Petri,
1715 1762 1773 1818 prm
1785 1747 1884 1819 gaudio

233 1841 567 1908 bum,nisisolislodaeis.
581 1842 1031 1914 Erantautemquidamexeisriri
1045 1826 1071 1889 Β
1085 1858 1138 1899 non
1164 1843 1270 1912 apernit
1290 1841 1418 1911 ianuam,
1443 1840 1490 1897 scd
1514 1841 1724 1896 introcurrens
1747 1839 1886 1895 nuntiarit

235 1932 338 2006 Cyprii,
355 1946 383 1992 ct
397 1933 533 2008 Cyrenaei,
548 1935 594 2005 qui
607 1951 668 1992 cum
679 1934 1032 2004 introiaaenramiocbiam,
1084 1948 1158 1992 stare
1171 1933 1281 1991 Petram
1293 1944 1356 1990 ante
1368 1934 1490 2005 januam.
1505 1933 1539 1989 At
1558 1933 1596 1988 illi
1612 1933 1740 1989 dixerunt
1753 1931 1788 1989 ad
1802 1947 1883 1991 eam:

234 2026 420 2099 loquebantur
442 2039 470 2085 et
485 2030 518 2085 ad
531 2029 663 2100 Graecos,
684 2032 877 2088 annuntiantes
890 2031 1033 2088 boninum
1084 2029 1199 2086 insania.
1215 2029 1263 2085 llla
1278 2041 1368 2086 autem
1380 2027 1534 2084 alllrmabat
1549 2029 1590 2085 sic
1604 2043 1634 2085 se
1647 2028 1760 2084 babere.
1777 2028 1819 2085 llli
1833 2043 1882 2083 att·

235 2119 339 2178 lesum.
360 2122 395 2178 Et
407 2131 469 2179 erat
488 2138 587 2198 manus
600 2123 706 2180 bomini
721 2139 781 2180 curn
796 2125 857 2182 eia:
877 2125 1035 2197 multusque
1086 2136 1139 2180 tem
1153 2124 1301 2183 dicebant:
1318 2125 1438 2196 Angelus
1453 2123 1512 2193 ejus
1532 2133 1583 2180 est.
1603 2123 1699 2179 Petrus
1714 2134 1807 2178 autem
1821 2138 1885 2195 per-

238 2229 373 2287 ttumerua
396 2216 566 2274 credentium
587 2233 740 2276 conuersus
760 2229 804 2275 est
826 2219 859 2275 ad
878 2221 1031 2277 ltominum.
1084 2219 1228 2275 seuerabat
1243 2218 1362 2290 pulsans.
1375 2220 1444 2274 Cum
1455 2226 1545 2276 autem
1558 2219 1740 2290 aperuissent,
1755 2217 1882 2276 ridcrunt

237 2310 368 2367 Pervenit
380 2321 471 2368 autem
484 2327 575 2369 sermo
590 2314 624 2369 ad
645 2328 726 2371 aures
743 2314 887 2381 Ecclesiae,
903 2323 1036 2386 quaerat
1085 2329 1158 2381 eura,
1172 2323 1200 2371 et
1213 2314 1424 2385 obstupuerunt.
1442 2315 1572 2371 battuens
1588 2323 1679 2372 autem
1694 2317 1735 2372 eis
1745 2330 1838 2383 manu,
1852 2324 1883 2372 ut

235 2402 432 2475 ierosolymis,
460 2418 543 2476 super
563 2406 624 2462 istis
644 2425 650 2463 :
674 2416 703 2464 et
725 2408 860 2465 miseruut
883 2408 1033 2464 barnabam
1085 2415 1219 2478 tacerent,
1237 2409 1358 2463 narrarit
1372 2409 1508 2479 quomodo
1523 2409 1654 2465 Dominus
1666 2409 1809 2467 eduxisset
1822 2426 1882 2467 cum

236 2499 371 2570 usquead
385 2502 569 2558 Antiochiam.
597 2501 648 2571 Qut
663 2519 725 2559 cum
742 2503 933 2574 pervenisset,
950 2514 978 2561 ει
994 2503 1036 2560 ri·
1086 2497 1256 2570 decernere,
1276 2495 1404 2574 ¹dixitque
1419 2521 1426 2559 :
1441 2502 1569 2560 Nuntiate
1591 2503 1693 2561 Jacobo
1711 2513 1741 2561 et
1755 2505 1885 2563 iratribus

238 2700 288 2742 nes
302 2685 329 2741 in
345 2687 486 2757 proposito
499 2687 590 2743 cordis
605 2704 767 2760 permanere
780 2691 807 2746 irt
823 2689 955 2748 litamina:
970 2692 1034 2763 quia
1086 2684 1141 2756 die,
1158 2695 1217 2742 erat
1233 2701 1286 2742 non
1303 2701 1385 2757 parra
1402 2688 1518 2744 turbatio
1534 2687 1604 2745 inter
1626 2690 1736 2756 milites,
1752 2691 1884 2763 quidnam

237 2778 459 2848 eratsirbouus,
479 2790 508 2835 et
523 2782 619 2852 plenos
634 2785 738 2855 Spiritu
754 2788 905 2851 sanclo‚et
918 2784 981 2841 ltde.
1002 2787 1036 2841 Et
1086 2779 1188 2836 lactum
1204 2789 1278 2836 esset
1292 2780 1327 2838 de
1346 2780 1438 2837 Petro.
1456 2781 1578 2841 llerodes
1598 2778 1688 2841 ειιιειε
1711 2799 1773 2841 cum
1797 2787 1886 2856 requi-

236 2870 359 2942 appoaita
375 2880 419 2928 est
433 2874 516 2929 multa
530 2877 610 2931 turba
623 2876 749 2933 Domino.
769 2877 914 2935 Proiectus
926 2887 969 2936 eat
984 2895 1035 2934 au·
1086 2877 1169 2931 sisset
1180 2889 1255 2941 etam,
1275 2883 1303 2930 et
1324 2890 1377 2930 non
1391 2874 1551 2946 invenisset,
1576 2877 1751 2946 inquisitione
1763 2877 1836 2933 lacta
1854 2879 1885 2933 de

238 2971 293 3018 tem
304 2963 442 3020 Barnabas
459 2965 594 3035 Tarsum,
618 2981 649 3026 ut
662 2978 801 3041 qua-reret
814 2970 943 3038 Sartlnm;
955 2989 1034 3044 quem
1086 2968 1260 3034 custodibus,
1276 2969 1357 3039 jussit
1371 2983 1419 3025 eos
1429 2968 1509 3026 duci:
1525 2971 1748 3042 descendensque
1760 2985 1775 3024 a
1791 2971 1884 3028 iudaea

238 3069 300 3111 eunt
316 3057 485 3127 invenisset,
513 3061 641 3131 perduxit
664 3064 848 3120 antiochiam.
878 3066 911 3121 Et
934 3083 1035 3122 atinum
1088 3060 1289 3129 inCaesarcam,
1307 3061 1341 3116 ibi
1360 3072 1606 3118 commoratusest.
1620 3065 1785 3120 Eratautem
1803 3065 1886 3120 iratus

238 3157 325 3206 totum
340 3154 492 3231 conversari
506 3166 570 3213 aunt
583 3156 620 3212 ibi
635 3157 663 3211 irt
679 3156 824 3216 Ecclesia:
844 3170 872 3215 ει
884 3161 1033 3216 doctiorum
1088 3155 1179 3229 Tyriis
1205 3162 1232 3209 et
1257 3153 1389 3210 Sidoniis.
1413 3158 1448 3211 at
1472 3154 1509 3210 illi
1533 3156 1674 3211 unanimes
1699 3155 1887 3214 veneruntad

241 3243 348 3300 turbam
373 3247 508 3316 multam,
533 3248 569 3306 ita
591 3257 620 3304 ut
640 3252 899 3321 cognominarentur
920 3257 1034 3325 primum
1049 3218 1072 3283 C
1089 3262 1164 3312 curn,
1178 3253 1206 3302 ει
1220 3261 1351 3318 persuaso
1373 3247 1475 3315 blasto,
1496 3249 1615 3319 quierat
1635 3265 1717 3318 super
1732 3249 1888 3308 cubiculum

240 3336 716 3410 antroctaaeqnctputr,estimant.
737 3342 1039 3404 tutrtsautemneuus
1090 3337 1890 3415 aagtspaeuunanpedaneoquotatarenurregnnes

241 3432 691 3512 tupertettecuntabierosolymis
703 3436 841 3508 propbetas
852 3439 1037 3496 Antiochiam
1091 3446 1184 3487 eornm
1205 3432 1239 3486 ab
1260 3431 1318 3488 illo.
1334 3430 1443 3488 Statuto
1457 3438 1547 3488 autem
1562 3431 1617 3500 dio,
1640 3432 1762 3489 llerodes
1777 3435 1891 3490 restitus

242 3530 272 3576 et
283 3537 485 3601 surgensugtos
498 3541 532 3582 er
542 3528 584 3606 eis
599 3529 709 3583 tuornine
725 3530 854 3600 agabus,
871 3531 1041 3603 significabat
1090 3535 1167 3582 veste
1181 3525 1264 3598 regia,
1280 3525 1354 3581 sedit
1366 3540 1414 3597 pro
1426 3515 1567 3593 tribunali,
1583 3534 1613 3582 ει
1630 3525 1848 3582 concionabatur
1859 3524 1892 3580 ad

244 3616 433 3687 perspiritum
454 3618 553 3674 lament
579 3622 848 3692 magttam.luturam
867 3627 894 3681 in
910 3627 1041 3684 uniuerso
1092 3633 1150 3678 eos.
1167 3619 1288 3690 Populus
1308 3629 1400 3675 autem
1420 3619 1608 3676 acclamabat:
1623 3619 1672 3676 Dei
1687 3633 1782 3689 voces,
1797 3627 1892 3675 etnon

243 3707 310 3763 orbe
325 3716 551 3783 tenerumque·
561 3712 631 3770 lacta
645 3725 687 3771 est
698 3715 749 3770 sub
761 3714 886 3773 claudio.
910 3718 1041 3790 nisetputi
1093 3711 1222 3767 bominis.
1245 3710 1395 3768 Conlestim
1420 3722 1511 3766 autom
1537 3711 1669 3782 percussit
1694 3726 1756 3768 eum
1778 3711 1894 3782 angelus

241 3806 332 3855 autem
346 3840 354 3867 ,
370 3811 450 3871 prout
461 3807 522 3875 quis
537 3803 673 3876 habebat,
688 3819 889 3880 proposuerunt
901 3811 997 3882 singull
1015 3813 1041 3868 in
1094 3805 1212 3872 Durnini,
1225 3821 1258 3862 eo
1273 3807 1413 3877 quod‘non
1424 3806 1542 3862 dedisset
1554 3806 1685 3862 horrorem
1698 3805 1775 3862 Deo:
1790 3816 1820 3863 et
1831 3821 1895 3862 cun·

244 3891 427 3951 ministerium
438 3897 564 3966 mittere,
581 3899 768 3957 babitantibus
787 3902 814 3958 in
839 3902 934 3960 Judaa
951 3904 1043 3961 lratri-
1094 3908 1244 3970 sutuptusa
1262 3901 1410 3966 aucupibus,
1427 3901 1584 3971 exspiravit.
1602 3899 1720 3956 Verbum
1735 3910 1830 3957 autem
1843 3900 1894 3956 llo·

245 3984 295 4040 bus
309 4005 316 4040 ι
332 3987 405 4057 quod
426 3997 453 4045 et
471 3989 616 4059 lecerunt,
640 3994 779 4051 mittentes
799 3994 833 4051 ad
853 3996 977 4053 seniores
992 4014 1042 4068 per
1094 3993 1160 4049 atini
1177 3994 1329 4059 erescebat,
1345 4002 1372 4048 et
1387 3993 1629 4062 multiplicabatur.
1651 3993 1791 4050 Barrabas
1804 4003 1895 4049 autem
2001 4045 2002 4050 ,

245 4092 342 4136 manus
354 4081 486 4141 Barnabae
502 4092 530 4140 et
542 4084 627 4143 Sauli.
1094 4097 1122 4144 et
1136 4085 1234 4142 Saulus
1249 4089 1352 4142 reversi
1367 4085 1477 4141 suntab
1491 4084 1671 4158 ierosolymis
1684 4084 1799 4154 expleto
1817 4084 1897 4141 mini-

283 4168 360 4243 [dap.
376 4171 448 4244 llll]
462 4175 563 4233 liudem
578 4189 670 4234 autem
692 4190 815 4252 tempore
833 4183 907 4238 misit
922 4183 1045 4241 llcrudes
1094 4181 1199 4247 sterio,
1229 4190 1369 4252 assumpto
1391 4179 1516 4251 loannis,
1541 4180 1585 4253 qui
1617 4179 1829 4253 cognominatus
1855 4188 1898 4238 εει

245 4279 294 4321 rer
310 4281 417 4335 manua,
432 4275 462 4322 ut
477 4267 611 4342 aldigeret
626 4273 757 4344 quosdam
771 4274 806 4331 de
819 4275 952 4332 Ecclesia.
966 4277 1044 4335 Occi·
1095 4277 1212 4333 llarcus.

246 4355 287 4412 dit
300 4367 391 4413 antem
410 4358 544 4418 iacobum
565 4363 675 4420 tratrem
695 4365 809 4424 loannis
823 4368 922 4439 gladio.
944 4370 1044 4428 videns
1132 4367 1209 4444 [Cap.
1226 4369 1308 4444 lllll.]
1333 4371 1417 4427 Erant
1439 4380 1530 4426 autem
1555 4369 1582 4426 in
1606 4370 1732 4436 ecelesia,
1752 4384 1817 4438 quae
1840 4373 1899 4424 erat

247 4451 415 4525 aptemquia
428 4451 551 4524 placeret
568 4455 681 4527 ludaeis,
701 4463 826 4530 apposuit
846 4472 875 4518 ut
894 4465 1045 4533 apprelten·
1096 4465 1260 4532 llntiocltiae,
1276 4463 1426 4534 prophetae,
1443 4471 1470 4519 et
1481 4461 1621 4529 doctores,
1635 4463 1664 4518 iu
1678 4461 1778 4532 quibus
1795 4461 1898 4517 Barna·

246 4541 323 4634 deget
347 4555 376 4602 et
403 4547 526 4620 l’etrunt.
555 4549 642 4607 Erant
668 4565 760 4611 autent
786 4555 845 4612 dies
865 4559 1043 4628 azymorum.
1097 4558 1155 4624 ltas,
1171 4565 1199 4612 et
1214 4555 1378 4625 Simon,qui
1394 4555 1542 4611 uocabatur
1553 4553 1644 4626 Niger,
1657 4562 1685 4610 et
1697 4550 1800 4610 Lucius
1815 4551 1898 4627 Cyre-

247 4635 334 4703 Qtretn
353 4653 416 4718 oum
432 4630 671 4714 apprehendisset,
686 4648 762 4703 misit
780 4651 807 4704 in
822 4664 972 4718 carcerem,
990 4662 1044 4709 tra·
1058 4617 1201 4715 Druensis,
1216 4661 1242 4704 et
1256 4647 1401 4716 llanabent
1417 4647 1464 4719 (ΙῑΙί
1476 4655 1536 4703 0¹²²
1550 4646 1667 4704 Hel‘ldls
1681 4647 1830 4703 '0¹¹²de
1844 4647 1897 4704 ⁰⁰¹¹

246 4730 315 4788 deus
325 4742 441 4804 quatuor
454 4739 681 4808 quaternionibus
696 4742 812 4798 militum
823 4745 1042 4816 cttstodiendum‚
1097 4744 1248 4811 lactantem,
1264 4753 1291 4797 et
1309 4741 1418 4798 Saulus.
1435 4741 1651 4799 lliniatratttibus
1665 4742 1827 4798 autemillis
1844 4741 1897 4796 lio-

246 4827 341 4883 rolens
352 4838 415 4899 post
424 4829 529 4886 Pascite
543 4835 693 4903 producere
704 4852 765 4892 eura
779 4837 889 4908 populu.
902 4837 1045 4897 EtPetrus
1097 4841 1182 4904 tttino,
1207 4850 1233 4894 et
1245 4837 1444 4908 jejunantibus,
1460 4837 1529 4893 dixit
1550 4836 1604 4893 illis
1627 4835 1743 4907 Spiritus
1764 4847 1896 4892 sanctus:
2001 4895 2002 4902 .

246 4920 357 4990 quidem
370 4923 534 4981 serrabatur
554 4927 582 4983 in
605 4943 726 4986 earcere.
742 4930 834 4987 Oratio
855 4944 947 4988 autem
964 4935 1046 4991 tiebat
1096 4935 1243 5007 segregate
1267 4932 1333 4989 mibi
1357 4933 1468 4989 Saulum
1493 4941 1522 4988 et
1543 4931 1706 5000 barnabam,
1733 4931 1760 4986 in
1779 4947 1848 5004 opus
1864 4928 1897 4984 ad

248 5015 310 5072 aitte
324 5015 528 5077 intermissione
540 5021 575 5076 ab
587 5021 702 5079 ecclesia
714 5023 748 5078 ad
762 5025 843 5079 lleum
857 5041 906 5097 pro
917 5041 961 5084 eo.
975 5028 1043 5084 Cum
1096 5029 1168 5101 quod
1190 5027 1327 5099 assumpsi
1350 5043 1407 5084 eos.
1434 5025 1510 5082 'lune
1530 5025 1697 5097 jejunantes,
1721 5035 1748 5081 et
1773 5036 1896 5092 orantes,

248 5116 339 5164 autem
351 5109 537 5178 producturus
547 5127 609 5170 eum
623 5126 698 5172 esset
711 5116 843 5184 llerodes,
856 5121 883 5174 in
895 5121 952 5190 ipsa
966 5131 1046 5178 nocte
1098 5123 1325 5193 imponentesque
1347 5121 1387 5177 eis
1403 5133 1510 5185 tnanus,
1525 5117 1689 5174 dimiserunt
1712 5117 1784 5174 illos.
1800 5117 1836 5174 lit
1848 5116 1898 5190 ipsi

248 5208 309 5257 erat
331 5199 430 5259 Petrus
456 5205 596 5263 dormiens
619 5205 691 5264 inter
709 5208 778 5266 dutus
805 5212 913 5280 milites,
939 5213 1046 5272 rinctus
1098 5216 1206 5287 quidem
1223 5215 1298 5272 missi
1320 5229 1335 5268 a
1358 5213 1461 5282 Spiritu
1477 5221 1572 5267 saneto
1584 5211 1711 5267 abierunt
1722 5210 1896 5274 Seleuciam

248 5299 352 5353 catenis
365 5299 469 5356 duabus
490 5319 498 5358 :
519 5312 547 5358 et
561 5304 690 5360 custodes
711 5315 774 5362 ante
788 5308 888 5363 ostium
908 5311 1048 5368 custodie·
1099 5323 1126 5366 rt
1150 5311 1213 5366 inde
1238 5311 1436 5379 navigaverunt
1460 5305 1592 5376 Cyprum.
1618 5307 1651 5361 lit
1671 5319 1732 5362 cum
1760 5305 1898 5359 vertissent

249 5389 315 5446 bant
328 5404 479 5449 carcerem.
497 5395 531 5451 tn
549 5412 613 5455 ecoe
635 5398 748 5471 angelus
770 5400 878 5458 Domini
898 5406 1002 5461 astitit:
1019 5417 1047 5464 ot
1098 5405 1275 5472 Salaminam,
1286 5399 1590 5474 praedicabantverbum
1602 5400 1628 5455 irt
1640 5397 1897 5471 synagogisltnlaso-
2001 5449 2002 5468 ,

249 5486 341 5543 lumen
363 5487 471 5546 refulsit
497 5492 525 5546 in
551 5493 705 5552 ltabitaculo
726 5513 734 5554 ι
757 5513 940 5571 percussoque
962 5501 1047 5559 latere
1099 5515 1168 5554 tum.
1187 5497 1329 5554 llabeltattt
1342 5507 1432 5550 autem
1448 5501 1475 5550 et
1491 5491 1663 5549 loannemin
1678 5490 1838 5547 ministerio.
1858 5489 1890 5545 Et

246 5577 334 5648 Petri,
355 5584 487 5640 excitarit
511 5601 585 5654 eum,
608 5589 701 5646 dicens
716 5608 722 5644 2
739 5590 826 5661 Surge
848 5595 989 5651 uelociter.
1016 5595 1049 5652 Et
1094 5607 1155 5648 cnm
1174 5589 1412 5660 perambulassent
1427 5587 1582 5642 uttirersam
1606 5583 1720 5640 insttlam
1737 5597 1820 5655 usqne
1844 5581 1894 5636 Pa·

247 5676 405 5733 cecidernnt
429 5690 534 5736 catenae
558 5682 594 5736 de
614 5685 740 5742 manibus
765 5687 835 5758 ejus.
862 5688 1046 5746 uiritantem
1097 5687 1189 5757 pultum,
1206 5683 1371 5738 inuenerunt
1386 5678 1530 5752 quemdam
1551 5679 1636 5732 uirum
1658 5690 1765 5746 magum
1779 5674 1895 5743 psendo-

249 5774 364 5842 angelus
383 5773 419 5829 ad
433 5788 495 5830 eunt
509 5794 516 5831 ι
531 5776 712 5849 Praecingere,
736 5792 764 5836 et
786 5782 879 5839 calcea
904 5796 930 5840 te
946 5785 1048 5857 caligas
1097 5779 1266 5853 prophetam,
1288 5775 1424 5846 Judaeum,
1441 5772 1484 5830 cui
1499 5787 1597 5827 nomen
1618 5782 1677 5827 erat
1691 5768 1833 5830 liar-lesu,
1848 5766 1892 5835 qud

248 5877 319 5923 tuas.
336 5866 369 5922 dt
383 5865 449 5923 lecit
461 5867 513 5923 sic.
534 5867 568 5924 lit
581 5868 649 5926 dirit
664 5872 701 5928 itii
715 5890 722 5926 :
738 5872 883 5931 circumda
899 5878 947 5933 tibi
963 5880 1047 5936 resti·
1095 5881 1154 5932 erat
1176 5887 1237 5929 eum
1264 5871 1427 5942 proconsule
1451 5867 1547 5937 Sergio
1571 5864 1653 5919 l‘aulo
1676 5857 1735 5917 r'iro
1750 5859 1890 5931 prudente.
