4017 6334
15 6135 29 6292 ι

58 351 90 410 ib
527 347 530 354 “
793 351 989 414 rueram.
1688 361 1723 428 ii

62 483 144 546 urm,
158 465 259 532 docet
274 487 284 530 c
299 469 354 534 Ba
368 475 484 548 autem,
497 466 599 548 inquit
613 513 622 546 ,
638 483 706 550 prro
729 465 863 532 indecor
880 469 915 532 irs
927 467 1086 543 'aientem
1101 475 1130 532 cr
1143 487 1234 552 quam
1245 485 1304 534 nus
1320 470 1484 554 solimus,
1499 470 1569 554 ipro
1586 477 1645 558 ssi,
1659 478 1721 544 cte.

64 575 161 653 igitur
179 588 250 634 uon
266 572 348 636 illos
366 578 493 640 tantum
509 571 649 645 libellos,
664 570 719 650 qui
734 570 790 634 rix
808 569 976 634 minimum
992 571 1271 652 Canouispartcm
1285 571 1436 654 captent,
1451 571 1507 637 sed
1522 573 1724 660 universnm,

72 675 144 740 uliu
156 672 323 754 Hexaplis
344 679 437 752 erat,
454 672 625 737 editionem
644 671 740 738 vertit
752 717 762 752 ,
776 671 844 736 sive
858 671 983 736 Latinis
998 671 1110 739 mere
1125 672 1323 738 contendens
1337 673 1487 739 restitnit.

108 782 146 844 Αι
162 797 257 853 reru,
275 777 367 857 quod
382 776 580 849 dicebamus,
595 775 668 840 iecit
681 775 790 838 damni
805 774 865 838 hac
880 774 913 840 in
929 793 963 838 re
982 775 1119 840 multum
1135 775 1225 854 ipse,
1241 793 1315 841 cum
1329 773 1506 854 adviveret,
1521 783 1652 842 sanctus
1666 777 1725 842 ln·-

71 890 189 966 tsrpres
209 903 219 945 s
238 899 332 948 nunc
349 883 390 946 de
404 881 468 956 bis,
483 880 539 960 qui
558 878 682 961 iamdiu
703 877 942 958 desiderantur,
954 877 1045 943 libris
1063 878 1266 958 reparandis,
1286 877 1385 944 iermc
1404 881 1645 946 conclamatum
1663 888 1723 951 cst.

68 989 145 1052 Sauo
162 1003 278 1065 usqne
292 983 369 1050 aliis
383 987 463 1063 quot
477 982 557 1058 scio,
572 997 632 1046 nec
646 980 724 1044 mihi
738 998 809 1044 csse
823 979 869 1044 ita
883 979 966 1046 ietici
981 979 1128 1063 contigit,
1139 984 1175 1044 ut
1188 998 1300 1045 eornm
1313 983 1437 1061 partem
1450 981 1565 1048 saltem
1580 985 1726 1066 aliquam

71 1090 149 1152 iuter
163 1085 446 1152 bibliothecarum
462 1085 613 1165 antiquos
629 1099 706 1148 mss.
721 1083 915 1162 invenirem,
931 1100 1015 1165 quus
1030 1089 1138 1148 tamen
1153 1087 1276 1166 quanta
1294 1086 1437 1152 maxima
1454 1085 1546 1152 licuit
1559 1087 1727 1170 diligentia

70 1187 321 1269 perlustrabam.
337 1184 567 1254 Nihilominus.
583 1188 640 1248 aut
659 1202 710 1249 rue
726 1185 855 1250 animus
875 1184 970 1262 iuliit,
984 1189 1043 1250 aut
1060 1189 1150 1255 tanta
1172 1185 1241 1268 cius
1256 1185 1405 1252 editionis
1421 1204 1497 1268 pars
1521 1194 1671 1270 superest
1690 1189 1725 1254 in

68 1292 237 1371 ipsiusmet
252 1287 285 1351 S.
301 1288 407 1358 Patris
422 1285 683 1362 Commentariis,
699 1292 734 1350 ut
755 1286 855 1350 terme
871 1287 998 1370 possint
1015 1286 1180 1368 propheta
1194 1305 1318 1374 omues,
1332 1292 1420 1354 certe
1433 1289 1563 1370 quidem
1582 1292 1726 1369 minores

68 1390 245 1464 duedecim,
260 1393 293 1454 et
310 1387 521 1458 Ecclesiastds
542 1385 584 1454 ad
606 1385 778 1467 pristinam
800 1385 1019 1466 integritatem
1037 1387 1154 1450 redire.
1168 1387 1364 1455 Persuasum
1382 1407 1499 1470 nempe
1518 1390 1636 1467 babeo,
1653 1409 1726 1458 eam

70 1490 249 1554 sessionem
266 1505 310 1552 ex
324 1487 428 1572 Lxx,
442 1504 539 1567 qnam
556 1503 614 1566 per
628 1503 781 1552 versuum
796 1485 965 1566 periochas
980 1487 1153 1570 preposite
1168 1487 1213 1550 illi
1227 1505 1269 1554 cx
1281 1487 1418 1554 Hebraeo
1431 1478 1635 1557 continenter
1649 1492 1727 1579 subs

75 1593 179 1665 nectit,
193 1588 413 1668 edisseritque
428 1605 512 1672 sepe
531 1588 649 1672 sepius
671 1587 765 1672 juria
785 1588 884 1655 alium
903 1605 1051 1665 sensnm,
1069 1605 1138 1653 eam
1154 1589 1258 1670 ipsam
1278 1593 1459 1655 versionem
1474 1612 1557 1679 esse,
1571 1612 1669 1677 qnam
1685 1597 1726 1666 ad

73 1699 215 1762 Grecum
228 1693 402 1774 exemplar
417 1699 650 1776 recognoverat
667 1716 675 1760 ε
698 1711 777 1767 uon,
793 1699 828 1757 ut
846 1687 943 1776 vulpe
960 1698 1087 1776 putaui,
1103 1691 1252 1764 Veterem
1270 1696 1303 1760 iu
1327 1699 1541 1772 emendatam.
1555 1699 1597 1762 Iit
1619 1703 1726 1770 sentio

71 1798 211 1880 quidem,
225 1797 314 1878 quud
336 1812 432 1860 cremo
451 1813 516 1858 uon
542 1795 650 1862 statim
672 1793 953 1876 anticipandum
980 1794 1081 1858 ierme
1106 1795 1245 1876 speciem
1264 1796 1307 1860 ibi
1328 1788 1575 1884 Hieronymia‘ni
1603 1799 1725 1885 laboris

71 1899 214 1980 prmierri
227 1918 236 1959 r
250 1899 365 1962 abesse
378 1897 465 1960 eninr
484 1894 658 1978 plerasque
674 1913 801 1974 omnes,
811 1893 930 1974 quibus
946 1895 1043 1958 unice
1058 1899 1164 1976 potest
1180 1895 1370 1973 internosci,
1381 1898 1612 1960 asteriscorum
1626 1903 1726 1980 atquc

70 2001 235 2066 obelorum
250 2003 357 2063 notas.
371 1995 441 2076 Epo
461 2003 567 2059 tumen
585 1993 659 2058 inde
674 1993 769 2060 aliter
791 1990 1008 2078 colligendum
1024 1995 1187 2070 existimo,
1202 2013 1241 2058 ex
1264 1997 1375 2077 paucis
1391 1997 1545 2061 nimirum
1563 2015 1636 2080 qum
1657 1999 1723 2064 aii-

71 2102 141 2168 cubi
155 2103 314 2180 superant
336 2095 494 2178 ejusmodi
510 2095 608 2172 notis,
626 2114 691 2163 nou
714 2095 813 2160 uliam
835 2113 943 2178 posse,
959 2115 1059 2178 quam
1073 2113 1148 2180 quae
1169 2116 1212 2160 ex
1233 2093 1421 2181 Hieronymi
1437 2100 1726 2187 calamoflproiccta

77 2208 131 2282 est,
144 2201 322 2266 editionem
340 2216 411 2262 eam
430 2195 553 2273 rideri;
571 2197 780 2278 nequeenim
799 2199 837 2262 iis
857 2197 1016 2262 instructa
1033 2197 1148 2262 Latina
1164 2197 1228 2264 alia
1245 2217 1399 2280 umquam
1417 2201 1487 2266 init.
1503 2203 1594 2282 Quod
1615 2213 1726 2282 aulem

77 2307 176 2372 rarius
193 2305 388 2376 occurrunt,
404 2317 503 2382 quam
519 2318 571 2367 res
590 2301 755 2382 postulare
771 2297 952 2378 videbatur,
971 2298 1113 2370 maxime
1133 2298 1166 2363 in
1185 2296 1351 2380 prophetis
1368 2303 1561 2386 majoribus,
1578 2303 1610 2368 iu
1626 2292 1727 2373 causa

71 2413 114 2470 cst
128 2405 201 2488 ejus
216 2403 424 2485 propositum
439 2402 546 2486 operis
561 2407 659 2482 atque
674 2401 876 2476 institutum
893 2401 1108 2483 nequeenim
1131 2399 1174 2462 ibi
1190 2400 1223 2463 5.
1241 2401 1337 2465 Pater
1351 2403 1445 2467 edere
1462 2403 1636 2488 Scriptura
1651 2415 1726 2476 icx-

78 2518 147 2583 tum,
161 2502 219 2571 sed
245 2523 413 2587 exponere
431 2511 529 2583 atquc
554 2504 718 2569 iilustrare
744 2503 984 2570 constituerat:
1009 2505 1088 2586 quin
1114 2509 1146 2568 et
1171 2505 1311 2584 volcbal,
1326 2503 1494 2574 Hebraico
1511 2508 1636 2574 veritali
1659 2492 1725 2583 τούξ

78 2613 155 2676 tlix
169 2611 379 2687 subservire,
389 2607 535 2688 ,satisque
552 2604 633 2670 adeo
649 2607 762 2673 babuit
779 2609 911 2690 majoris
928 2608 1082 2670 momenti
1102 2608 1275 2672 uerborum
1293 2613 1323 2670 et
1339 2627 1494 2674 sensuum
1511 2594 1727 2693 cruerentur:

77 2723 117 2786 aar
139 2722 177 2787 tra
203 2715 328 2800 sigub,
342 2713 392 2774 vel
415 2711 578 2794 conceptis
596 2711 716 2788 verbis,
730 2715 766 2774 ut
787 2711 868 2777 alias
890 2710 977 2787 iacit,
996 2714 1181 2780 annotasse,
1199 2727 1272 2773 curu
1295 2707 1458 2774 Hebraico
1478 2717 1588 2795 utpote
1605 2719 1724 2796 veriori

78 2825 168 2889 reatui
186 2821 302 2891 maliet
317 2820 477 2887 insistere.
494 2820 651 2886 Ceterum
666 2817 734 2885 dios
749 2835 801 2882 me
813 2817 949 2899 deliciet,
964 2822 991 2882 sl
1007 2819 1102 2910 modo
1118 2818 1215 2885 velim
1229 2815 1410 2899 insigniora
1424 2817 1508 2893 loca,
1519 2821 1638 2902 quibus
1652 2826 1723 2897 sira

75 2926 167 3004 obeli,
180 2925 252 2991 sive
261 2922 415 3003 asterisci
431 2922 637 2996 adhibentur,
653 2920 753 2986 verbo
769 2923 863 2984 tersus
882 2921 1037 2985 iudicare.
1054 2918 1091 2984 ln
1106 2917 1353 2986 Commentariis
1373 2919 1405 2985 in
1425 2907 1600 3004 propbetas
1614 2928 1723 3010 mino-

75 3043 124 3089 res
138 3023 228 3089 ebrii
245 3023 351 3104 nsapis
366 3028 454 3087 sunt.
468 3022 662 3108 liepetamur
678 3020 778 3100 igilur
792 3019 923 3088 aliunde
938 3022 1102 3103 exempta,
1114 3025 1213 3101 atque
1228 3037 1267 3085 ex
1284 3037 1350 3087 uuo
1367 3017 1463 3097 isaia,
1479 3024 1556 3109 Cap.
1571 3045 1624 3105 xp,
1637 3000 1726 3105 vers,

71 3127 85 3187 1
102 3146 111 3188 ι
128 3123 223 3202 Quod
237 3121 372 3187 additur
384 3142 404 3185 o
416 3121 627 3204 Septneps'rrtn
642 3144 671 3185 s·
688 3117 875 3188 Sacerdotes
902 3120 988 3192 obelo
1003 3127 1217 3207 prenotatam
1232 3122 1293 3192 cst:
1318 3125 1350 3192 et
1375 3139 1460 3185 vers.
1475 3124 1515 3205 ἰε
1540 3124 1613 3192 Hoc
1637 3106 1726 3210 picari

67 3227 225 3294 asteriscis
251 3233 386 3291 notatur
415 3233 465 3303 >so
491 3225 570 3304 quia
594 3220 726 3303 spiritus
751 3223 807 3288 lici
824 3221 913 3288 davit
934 3223 967 3287 in
993 3239 1032 3288 eo
1048 3237 1170 3301 acrore
1196 3217 1306 3282 tenum
1332 3212 1543 3308 est'populus
1562 3237 1596 3306 s<
1614 3227 1721 3294 exsics

67 3336 178 3396 catum
196 3327 385 3404 astianum,
400 3325 515 3398 cecidit
532 3326 617 3407 ilos:
637 3347 677 3392 rac
692 3323 850 3392 Hebraico
876 3333 905 3388 et
923 3323 1148 3388 Tlccodotionis
1164 3322 1300 3388 editions
1317 3321 1461 3386 addicam
1479 3333 1534 3387 esi.
1549 3327 1628 3408 Cap.
1642 3319 1727 3415 xcv,

67 3434 96 3496 iu
123 3434 197 3516 ipro
213 3437 304 3506 testu
319 3431 442 3510 verba,
463 3455 494 3498 a·
505 3429 713 3513 ‚Innooumini
739 3428 780 3493 ad
796 3448 842 3490 mr
871 3427 995 3506 insule,
1011 3424 1106 3493 obelo
1132 3425 1383 3490 transverberat.
1399 3420 1477 3508 Cap.
1496 3445 1539 3506 ur,
1556 3448 1638 3495 vers.
1655 3433 1692 3494 10
1707 3399 1729 3519 ιιι
1835 3427 1847 3442 '

68 3533 190 3598 domo
207 3556 247 3602 ..p
275 3531 456 3606 Jerusalem
476 3541 487 3614 ζ
501 3529 587 3614 quod
601 3531 652 3596 bic
665 3551 682 3592 a
696 3527 907 3612 Septunpintu
918 3525 1062 3592 additum
1074 3534 1131 3602 cst,
1144 3544 1201 3589 nec
1213 3525 1247 3589 irs
1260 3525 1390 3588 iicbruo
1404 3524 1549 3615 babetur,
1562 3549 1619 3606 occ
1632 3513 1719 3622 ullas

69 3638 163 3700 triam
175 3638 395 3716 interpretum,
405 3634 531 3716 posuit,
545 3633 627 3698 nude
643 3631 729 3698 obelo
748 3627 1000 3714 praenotandum,
1016 3633 1077 3692 etc.
1091 3627 1130 3690 Et
1143 3631 1214 3709 post
1233 3623 1597 3717 paucosrersus,1llod
1613 3623 1727 3713 aurcos,

73 3738 153 3821 prod
182 3755 284 3819 ssspro
308 3735 429 3818 dicitnr
445 3745 478 3812 ‘pr
506 3736 547 3801 Et
569 3753 634 3802 non
665 3731 787 3803 accidet
808 3733 842 3798 in
866 3730 1133 3813 corruptionem,
1157 3733 1188 3790 et
1207 3744 1271 3790 uon
1298 3724 1426 3790 deficiet
1447 3729 1540 3810 panis
1563 3730 1634 3811 ejus
1651 3735 1717 3819 :vde

70 3836 447 3920 incedatisssiscditiursr
461 3855 500 3902 rr
517 3829 675 3903 Hebraico
689 3833 833 3901 additum
847 3838 905 3895 ccc.
930 3831 1008 3912 Cap.
1026 3828 1173 3908 mouenti
1191 3824 1255 3888 :In
1270 3820 1328 3890 icoc
1345 3825 1414 3893 ioco
1438 3845 1550 3892 nomen
1566 3856 1594 3896 ÷
1610 3826 1721 3922 biong

72 3939 313 4024 adeptoops'nin
325 3937 487 4016 additum,
502 3945 532 4000 et
549 3938 668 4002 ideirco
691 3935 876 4020 jaculatum
893 3949 986 4014 uero,
1003 3929 1149 4009 Denique
1171 3940 1241 4016 cap.
1258 3944 1321 4021 ur:
1340 3923 1491 4024 Quodque
1511 3921 1720 4028 sequitur,‘¹‘-:3'

69 4045 245 4116 tichonii
260 4043 418 4112 inierunt
433 4043 466 4106 in
484 4058 534 4117 es,
551 4051 562 4121 ζ
579 4039 665 4107 obelo
674 4037 935 4121 praecinuimus.
959 4033 989 4096 Si
1005 4032 1103 4095 aliam
1117 4034 1216 4112 atque
1226 4029 1428 4130 emendatam
1444 4031 1500 4111 abs
1514 4024 1723 4126 iiieronrmu'f

71 4151 240 4217 sditionem
255 4147 326 4217 bruc
339 4151 585 4227 repraesentant,
602 4161 715 4226 aqum
732 4143 835 4210 lector
849 4138 1012 4224 dijudicet.
1027 4133 1113 4212 Quid
1126 4150 1223 4214 porro
1240 4131 1409 4221 ciendum,
1423 4124 1496 4196 cum
1512 4122 1632 4209 erroris
1652 4122 1717 4199 ab?

71 4259 110 4318 tal
122 4253 263 4318 Latinos
277 4248 419 4322 codices,
438 4248 505 4328 ipse
520 4246 631 4324 aliter,
643 4246 712 4310 sive
728 4247 815 4315 recte
832 4238 998 4324 proposito
1011 4236 1083 4301 ioco
1098 4231 1196 4316 tegili
1212 4229 1248 4294 lu
1266 4240 1363 4320 caput
1376 4220 1522 4335 ieremias
1539 4228 1634 4329 narr,
1649 4224 1718 4300 in'i-⁴

70 4357 118 4424 tio,
130 4349 300 4430 Ridicule,
313 4349 433 4430 innuit,
444 4348 554 4416 Larini
572 4347 692 4413 codices
708 4345 743 4408 in
758 4344 817 4410 lscc
831 4343 901 4410 ioco
922 4337 1128 4421 smiipritntc
1146 4333 1233 4398 serbi
1256 4318 1358 4403 dicct
1375 4329 1440 4429 pro
1464 4334 1570 4421 calido
1585 4327 1721 4436 lu'pinos‘

69 4455 377 4538 isscrprcsnrisrmt.
396 4453 437 4517 Et
454 4452 593 4523 calidum
618 4448 777 4520 tamenin
795 4459 950 4524 coquam
975 4437 1128 4522 proponit
1149 4435 1218 4519 ipse
1240 4436 1541 4522 septuragintavirali
1568 4422 1724 4517 versioo'a'

69 4557 264 4638 praetulerat.
282 4553 386 4635 igilur
403 4551 626 4626 noa—Veteris,
641 4565 715 4632 quse
738 4543 858 4628 passim
883 4537 1061 4612 obtinebat,
1074 4540 1106 4599 et
1127 4534 1211 4600 maie
1235 4533 1375 4600 babebat
1391 4534 1532 4618 lupinos,
1547 4537 1601 4625 scd
1619 4527 1719 4635 quarn

68 4661 127 4740 ipse
142 4661 381 4726 adornaverat,
395 4653 621 4719 recensionem
639 4649 761 4722 iaudat.
775 4647 871 4716 Paria
884 4643 1035 4722 exempla
1049 4639 1126 4704 alibi
1140 4637 1258 4727 saepius
1273 4631 1438 4706 offendere
1448 4647 1509 4706 css.
1605 4726 1609 4737 Ι

99 4765 170 4830 lam
187 4758 381 4841 nominarit
397 4755 467 4838 ojnr
485 4755 607 4824 laboris
621 4754 718 4829 ratio,
734 4754 765 4816 et
779 4765 856 4814 num
870 4747 926 4810 itta
943 4739 1167 4824 interpretatio
1180 4737 1310 4819 proprie
1324 4735 1458 4804 dicenda
1473 4743 1525 4819 sit,
1541 4757 1596 4823 an,
1611 4751 1646 4808 ut
1659 4765 1718 4811 nu·

70 4866 112 4928 bis
125 4864 263 4946 quidem
281 4859 425 4938 videtur,
438 4857 602 4932 recensio,
615 4872 673 4937 per
689 4871 726 4921 se
745 4850 886 4932 quisquo
910 4844 1029 4928 poterit
1050 4860 1091 4906 cx
1112 4841 1251 4920 trisque
1274 4839 1358 4920 dicta
1380 4848 1467 4918 suot,
1485 4839 1587 4909 multo
1608 4856 1722 4946 auteur

68 4968 182 5031 apesin,
209 4981 255 5030 εχ
278 4964 359 5046 ipsis
382 4977 457 5042 quta
481 4963 668 5041 supersunt,
683 4951 890 5020 monimentis
910 4945 1110 5014 existimare.
1126 4943 1206 5012 Cum
1225 4943 1334 5024 itaque
1348 4941 1393 5009 ait
1410 4943 1442 5010 S.
1459 4945 1553 5011 Pater
1570 4949 1661 5032 episi.
1676 4950 1720 5031 ad

69 5069 223 5134 sunniam
241 5065 449 5132 eiblrelelam
465 5063 537 5130 locu
554 5059 705 5141 saperius
725 5053 869 5128 laudato,
883 5067 917 5114 ιθ
935 5047 1125 5120 θιῑῑῑὶῡῐιθΰῑι
1143 5058 1217 5126 ‘illoe
1240 5039 1378 5110 babetur
1398 5039 1431 5105 5¹¹
1449 5041 1588 5118 ‘occulere
1606 5091 1615 5126 2
1640 5039 1719 5134 vct-

71 5177 136 5238 tisrs
151 5175 231 5259 (boc
245 5173 335 5238 enim
349 5171 449 5239 rerbs
467 5167 553 5234 band
572 5167 640 5234 seio
654 5161 733 5228 aiibi
757 5175 855 5229 osum
872 5153 911 5218 nd
929 5153 1074 5217 laborem
1089 5163 1186 5231 suum
1204 5142 1464 5229 significandum)
1480 5147 1582 5246 deliis
1598 5147 1719 5221 dixisse

71 5281 275 5367 recipiendus
291 5284 354 5352 est,
368 5295 443 5358 qum
455 5277 518 5342 sub
533 5267 891 5350 asteriscisssdduulnr,
902 5267 935 5324 et
948 5277 1023 5324 eum
1040 5274 1080 5320 ex
1096 5255 1208 5320 Graeco
1222 5253 1400 5338 Hexaplari
1417 5251 1593 5335 suffecerit,
1604 5257 1720 5345 Latino

72 5387 162 5449 etiam
176 5381 318 5447 reddidit
334 5377 713 5460 coequatus-preterca,
724 5388 798 5451 que
812 5366 925 5434 vitium
941 5378 997 5446 per
1012 5360 1123 5443 plures
1140 5375 1258 5422 versus.
1270 5356 1432 5430 iecissent,
1447 5362 1478 5422 el
1491 5377 1576 5429 nova
1589 5361 1658 5443 ipse
1672 5363 1721 5449 in·¹

75 5487 308 5567 terpretatious
330 5480 474 5546 donarit.
491 5478 552 5544 Sed
569 5495 635 5542 non
662 5473 733 5538 idco
753 5472 837 5536 inter
853 5466 1042 5541 versiones,
1055 5460 1162 5544 qualis
1180 5460 1237 5524 illa
1259 5457 1319 5524 init
1334 5477 1376 5524 ex
1393 5457 1542 5542 Hebrreo,
1560 5458 1615 5526 s'cd
1639 5466 1724 5533 inter

77 5587 313 5652 emendacione.
337 5575 799 5664 recognitionesque,qualcm
825 5571 895 5650 ipse
917 5565 1071 5632 contiuuo
1093 5560 1172 5626 alibi
1198 5563 1303 5637 vocat,
1318 5557 1487 5628 reicrcnda
1511 5568 1570 5634 est.
1586 5561 1725 5648 Fallitur

76 5689 194 5756 iteratis
212 5684 418 5760 alexander,
433 5683 489 5762 qui
506 5679 697 5760 superstites
720 5675 837 5750 libros,
850 5669 967 5734 lobum
981 5669 1014 5728 et
1027 5660 1231 5735 Psalicrium,
1245 5657 1427 5729 Salomonis
1444 5678 1575 5744 quoqup
1591 5670 1721 5758 tressa}

78 5793 324 5875 Paralipomsns
343 5788 380 5852 de
393 5803 477 5850 nouo
492 5784 619 5848 solius
633 5783 677 5846 ait
694 5779 725 5842 S.
740 5779 866 5844 Patrem
877 5771 973 5854 iustu
988 5767 1145 5833 Granum,
1160 5760 1304 5842 reliquos
1318 5762 1374 5847 spui
1391 5763 1725 5860 ¹¹¹¹⁰i⁰ll¹ilf¹l¹tlsldtis

78 5902 139 5958 resa
153 5893 347 5960 morans.
358 5889 445 5956 saris
461 5893 507 5953 cst
521 5887 655 5955 adorans
673 5870 1094 5952 Praltcriicnscutlatiunem
1109 5865 1148 5935 nd
1168 5864 1307 5946 priorem
1322 5881 1522 5954 comparare,
1536 5873 1571 5945 ut
1582 5878 1724 5962 ¹corripiet,
1781 5951 1785 5958 q
