4017 6334
271 352 323 412 iii

754 355 798 421 's
819 357 1013 418 turonorum
1033 359 1149 422 ornus
1170 359 1410 429 nocturnam.
1709 397 1712 403 ,
1856 385 1900 446 252

310 467 345 526 iit
374 470 527 528 annuntiem
549 487 636 530 omncs
659 475 858 548 pradicationes
879 482 955 548 tuos,
970 490 1001 532 -e
1020 475 1116 549 *inp
1164 469 1370 544 bononianum
1390 501 1486 548 omnes
1502 487 1682 563 laniostuas,
1696 492 1723 554 in
1750 497 1828 574 portis
1851 499 1901 562 ulia

271 563 356 636 portis
372 564 436 636 fiiioe
450 563 517 624 Sion
537 564 549 638 ζ

1128 571 1205 631 Sion.

914 685 1098 754 nstttttts
1119 687 1269 756 Lxxtn.

522 801 706 849 insalutatus
722 803 819 850 milii·

308 902 428 976 Uenuli,
447 901 531 974 brus,
553 904 673 976 repulisti
688 907 717 964 in
734 905 832 978 fiscani
846 905 928 962 tram
938 911 977 960 ost
997 906 1075 977 furor

273 1006 333 1054 tutto
347 1012 426 1066 rspsr
435 1011 493 1053 asro
506 1001 698 1070 manarunt

1252 809 1439 862 unrsuuucros
1453 813 1536 860 usum
1549 800 1613 877 [lis.
1630 818 1680 862 ran
1695 805 1797 880 aaroni

1164 907 1199 966 Ut
1209 911 1273 982 quil
1288 913 1413 984 repulisti
1429 929 1495 987 nos,
1513 916 1595 985 nous,
1612 918 1639 976 in
1655 919 1756 980 aaran
1775 923 1854 981 iratos
1869 935 1903 985 est

1127 1000 1142 1040 1
1158 1001 1234 1060 loror
1248 1012 1310 1063 tam
1324 1019 1485 1078 superaras
1496 1009 1586 1082 proris
1600 1011 1662 1071 tuit

310 1091 413 1148 bernar
433 1099 488 1149 orto
509 1093 717 1169 conpoputiosis
739 1099 914 1165 scarponna
933 1089 1074 1165 ponootnt
1164 1097 1301 1156 blemento
1324 1100 1544 1176 congregationis
1569 1113 1623 1161 turo
1639 1118 1741 1180 :orsam
1768 1111 1859 1167 orcmti
1873 1113 1899 1170 ab

274 1183 306 1240 air
321 1184 408 1242 initio.

1128 1187 1217 1247 initio.

309 1276 452 1334 ueremini
472 1279 573 1351 rirpam
593 1276 755 1336 tanatum
775 1287 847 1337 tua:
861 1294 936 1338 mons
956 1279 1024 1337 Sion
1046 1277 1075 1332 in
1162 1283 1296 1342 liberasti
1307 1285 1411 1359 virgam
1427 1287 1597 1347 baereditatis
1614 1299 1668 1349 tuso
1685 1308 1692 1346 ε
1709 1307 1785 1350 mons
1806 1294 1900 1354 Sioaio

273 1385 324 1442 pso
335 1366 460 1426 inolitostl
472 1367 501 1426 in
514 1385 554 1427 eo.

310 1462 379 1519 bora
406 1479 502 1519 moriar
525 1473 585 1520 tuor
606 1463 634 1520 in
660 1463 796 1538 superbias
818 1479 910 1522 toruos
927 1463 956 1521 in
978 1459 1077 1537 poem:

273 1566 372 1630 quanto
383 1553 542 1630 maiipnatrrs
557 1567 594 1614 nst
604 1555 729 1614 inimicus
745 1553 774 1614 in
786 1555 898 1615 sancto!

311 1665 343 1706 ÷
362 1649 395 1705 Et
409 1649 421 1721 ζ
437 1650 543 1723 piorioti
555 1659 614 1708 sunt
627 1653 673 1726 qni
686 1651 798 1712 odarum
812 1661 848 1723 tn,
874 1653 903 1709 ln
918 1647 1004 1710 medio
1031 1665 1077 1708 ro-

273 1742 415 1801 iomnitatis
430 1754 492 1802 tnoe.

1128 1391 1184 1450 quo
1199 1377 1307 1437 babitss
1321 1380 1348 1437 la
1370 1381 1501 1454 idipsum.

1165 1469 1248 1527 Elem
1260 1486 1370 1530 manum
1386 1483 1459 1530 tuam
1474 1473 1502 1532 in
1518 1476 1674 1548 superbiam
1686 1491 1778 1536 corum
1788 1479 1813 1536 ia
1826 1479 1903 1552 inem,

1129 1571 1229 1636 quanto
1245 1565 1409 1636 malignatus
1427 1575 1470 1624 est
1495 1569 1619 1628 inimicus
1644 1569 1672 1627 lo
1689 1573 1788 1630 sanctis
1810 1576 1870 1631 tuis!
1883 1585 1906 1632 et

1130 1657 1316 1731 gloriationum
1329 1661 1375 1734 qui
1390 1671 1416 1718 tc
1429 1661 1558 1736 oderunt,
1575 1664 1603 1722 iu
1618 1664 1710 1723 manlio
1721 1665 1790 1724 strio
1803 1669 1861 1726 tuo!

315 1835 549 1916 Poruerrntripno
559 1839 703 1915 ruariprro,
721 1855 752 1899 4
765 1850 851 1902 etum
864 1839 876 1911 ζ
890 1847 1076 1917 rnprmoornnt,
1093 1823 1117 1888 Β
1165 1838 1320 1898 Posuerunt
1332 1841 1408 1914 uuas
1422 1856 1471 1901 sua
1483 1845 1570 1916 strar,
1585 1853 1614 1902 et
1636 1858 1691 1903 non
1718 1853 1898 1920 cognorerunt.

277 1928 345 1984 siout
361 1931 389 1984 in
399 1929 470 1986 emto
480 1947 558 2005 snper
568 1947 709 1992 sunnmunt.

1131 1935 1203 1992 sicut
1216 1933 1243 1992 ln
1257 1933 1299 1992 sla
1311 1949 1392 2009 snpra
1407 1951 1542 1997 summum
1556 1941 1634 2013 qussi
1658 1942 1687 1998 io
1699 1941 1764 2000 stira
1780 1941 1904 2014 llpnomn.

314 2038 345 2080 -s
364 2025 448 2094 Quasi
467 2025 479 2096 ζ
495 2026 524 2085 in
539 2026 606 2085 siloa
626 2028 759 2102 ltprimum
772 2025 905 2088 sermono
924 2025 1079 2084 ramleram
1168 2028 1316 2088 securibus
1326 2028 1488 2088 exciderunt
1500 2031 1599 2104 januas
1609 2033 1670 2105 aius
1685 2032 1713 2090 in
1727 2033 1857 2106 idipsum:
1874 2033 1905 2090 bi·

276 2119 373 2186 iorrnos
386 2120 444 2193 ojus
454 2117 482 2180 in
492 2118 630 2194 idipsum:
644 2121 731 2178 suomi
746 2129 772 2179 et
798 2120 873 2178 arcio
884 2118 1033 2194 rejecerant
1045 2131 1078 2176 -α
1131 2121 1214 2192 panai
1226 2127 1255 2178 et
1266 2121 1339 2178 arcis
1350 2121 1511 2195 dolocenum
1529 2135 1587 2182 cns.

277 2223 335 2263 eam
351 2207 363 2279 ζ

1166 2213 1349 2272 laceadcruat
1363 2215 1419 2288 igni
1431 2217 1620 2274 sanctuarinm
1635 2227 1711 2275 tunm
1728 2217 1754 2274 in
1770 2226 1847 2286 terro,
1860 2217 1905 2290 poi·

311 2300 488 2362 tremuerunt
499 2305 555 2378 iani
566 2307 748 2366 mortuarium
761 2315 835 2364 tuum
847 2305 875 2362 in
884 2314 963 2375 terra,
979 2300 1080 2379 pollura
1130 2306 1242 2365 luerunt
1252 2305 1461 2366 uberaaootom
1472 2307 1591 2366 nominis
1607 2311 1658 2367 tui.

276 2405 336 2452 suunt
349 2396 542 2454 tabernaculum
556 2400 667 2455 nominis
684 2400 734 2456 tui.

312 2488 441 2550 illaesum
470 2493 498 2552 in
528 2495 607 2553 corio
636 2511 686 2552 sua
712 2492 833 2570 caprario
861 2507 951 2550 eorum
974 2485 1079 2548 aaut:

278 2579 428 2659 bopulescere
438 2585 659 2657 sacionsusomncs
671 2587 727 2644 alins
737 2590 818 2660 festos
827 2583 878 2642 ilai
888 2601 906 2640 o
917 2595 997 2641 terra.

313 2680 499 2754 Sipnanostro
512 2680 700 2749 monotaimus,
716 2683 839 2757 jamnon
862 2687 901 2737 est
920 2677 1048 2754 propiata
1067 2691 1077 2733 .·

277 2786 300 2832 ct
314 2791 361 2831 nor
372 2791 424 2832 aon
439 2783 576 2846 consonant
587 2774 712 2846 amplius.

314 2865 465 2938 limaeam,
479 2864 564 2936 Deus,
577 2864 764 2940 improperabit
775 2864 898 2920 inimicus
907 2865 920 2921 l
930 2867 1018 2926 irritis
1032 2869 1079 2928 oti·

277 2959 407 3014 ursarius
421 2972 515 3012 nomen
528 2966 601 3012 tuum
616 2957 645 3012 in
658 2956 761 3028 pimenti

316 3048 350 3105 llo
360 3050 423 3124 quisi
432 3051 526 3109 anatis
538 3051 646 3109 mortum
662 3049 751 3111 tuum?
765 3058 791 3107 et
801 3049 936 3110 deuterum
951 3061 1024 3110 taam
1046 3055 1079 3112 tic

279 3142 363 3200 nordio
375 3145 436 3202 sinu
448 3152 492 3202 uto
504 3143 530 3200 iu
543 3144 643 3215 parom

1166 2400 1300 2462 binorum
1314 2401 1340 2456 ia
1352 2401 1436 2460 cordo
1447 2416 1498 2460 suo
1511 2411 1523 2442 1
1535 2403 1661 2478 cogmtio
1677 2418 1771 2462 oornm
1784 2403 1848 2460 intas
1861 2416 1905 2460 so:

1130 2495 1234 2564 maim,
1249 2495 1461 2570 comprimamus
1474 2509 1571 2554 omncs
1593 2493 1652 2556 lies
1678 2497 1761 2554 iustos
1783 2495 1878 2554 bonini
1894 2509 1905 2550 a

1131 2595 1214 2648 tetra.
1246 2659 1249 2668 Α

1165 2678 1247 2752 Signa
1262 2689 1355 2737 nostra
1366 2679 1564 2750 nonnidimns,
1578 2681 1635 2753 iam
1646 2698 1703 2740 non
1717 2691 1758 2738 cst
1773 2679 1905 2755 propbeta:

1129 2782 1155 2832 ct
1168 2785 1217 2830 nos
1231 2787 1285 2828 non
1298 2780 1446 2846 cognoscet
1469 2773 1596 2850 amplius.

1167 2865 1323 2936 Usqueqno,
1339 2863 1423 2935 Deus,
1440 2865 1638 2938 improperabit
1658 2863 1804 2922 inimicus?
1827 2861 1901 2921 inritat

1128 2957 1303 3015 rororsarms
1317 2972 1416 3014 nomen
1431 2965 1505 3014 tuum
1520 2955 1548 3013 in
1562 2956 1669 3014 ssrromt

1165 3049 1200 3108 Ut
1213 3049 1277 3122 quid
1288 3051 1390 3108 avertis
1405 3049 1500 3108 lacicm
1517 3049 1617 3108 tuam?
1637 3058 1665 3106 ct
1689 3049 1825 3110 dextoram
1848 3056 1907 3102 turon
1978 3087 1979 3116 p

1129 3140 1163 3200 dc
1176 3141 1266 3198 medio
1280 3141 1340 3198 sian
1351 3151 1397 3199 tuo
1411 3141 1437 3198 in
1452 3139 1555 3198 boemi

315 3232 385 3289 Dens
409 3241 496 3290 nutem
518 3249 565 3290 ata
585 3242 673 3290 nomer
693 3241 757 3291 aute
781 3233 890 3303 naenia,
905 3247 1026 3310 operatus
1042 3221 1112 3298 ÷C
1164 3235 1236 3292 Durus
1258 3243 1350 3290 sulcat
1377 3250 1425 3290 tex
1455 3241 1628 3291 nosternon
1649 3233 1776 3292 saccula:
1798 3237 1909 3306 operatus

281 3337 293 3365 1
309 3337 346 3384 ert
362 3328 373 3405 ζ
387 3327 500 3383 salutem
515 3328 543 3387 s'u
554 3328 642 3386 maiia
657 3336 746 3388 ταντα.

316 3417 566 3491 i'aconfirmauiin
584 3423 678 3480 uirtute
701 3435 747 3480 tna
769 3439 869 3484 mara:
895 3424 1075 3484 contribulasti

280 3510 367 3580 capito
380 3512 525 3573 draconum
536 3514 564 3570 in
575 3514 663 3587 aquis.

316 3603 356 3660 Tu
368 3607 518 3680 contrepirti
532 3609 619 3678 capito
634 3609 757 3668 draconis
770 3610 890 3670 :dedisti
910 3629 971 3671 enm
989 3631 1077 3675 ercam

279 3699 563 3775 popuiisAEtlriopnm.
901 3688 904 3695 ’

317 3846 330 3875 ²
346 3837 422 3894 liaml
438 3841 505 3896 bcuo
520 3839 635 3897 Paulatim.
653 3857 704 3898 rurs.
719 3841 746 3896 in
764 3843 983 3914 pttnpusitioncnt
997 3843 1077 3903 tium·

281 3918 352 3964 laxal
368 3911 447 3965 nbcin
463 3927 508 3978 pra
520 3923 605 3969 ttrrtnt.

316 3979 330 4018 b
344 3980 479 4053 insignior
492 3997 533 4034 osu
549 3985 600 4039 isto
613 3985 704 4052 lorus,
717 3999 797 4056 aarum
811 3995 841 4038 ut
864 4001 879 4040 a
901 3987 980 4044 nobis
994 3987 1077 4056 uniri·

280 4067 360 4117 arram
377 4053 601 4122 praroarnnnmr
615 4073 647 4112 cs
662 4056 712 4121 iis,
734 4071 796 4125 orno
817 4057 893 4112 llicr.
914 4059 1025 4129 scripsit
1044 4057 1077 4112 ani

281 4127 366 4178 sarriri.
382 4133 409 4178 ot
421 4123 495 4180 toiri.
513 4140 520 4176 ι
537 4124 682 4191 intonalem,
698 4126 795 4198 inquit,
812 4129 978 4183 irronrnlanrns
989 4147 1077 4186 orrrrrss

281 4194 335 4248 alies
350 4198 427 4263 festos
444 4193 521 4251 Deio
536 4207 618 4266 terra,·
633 4215 682 4271 pro
695 4215 747 4269 quo
761 4199 787 4251 in
798 4197 888 4254 Gracc
901 4202 1025 4274 scripturn
1040 4211 1078 4258 est

281 4267 501 4340 καταπαύσωμεν,
515 4277 539 4321 et
554 4285 600 4323 nos
614 4273 651 4323 ita
663 4267 844 4329 transtulimus
858 4287 868 4325 .·
885 4271 1021 4340 Quoiusctra
1037 4271 1077 4344 so·

281 4336 379 4391 aiannrs
392 4353 479 4392 onrncs
492 4338 547 4393 aiios
570 4343 647 4409 festor
667 4337 716 4396 Dei
733 4352 843 4396 aternu.
864 4340 899 4395 tu
914 4344 993 4397 noiror
1014 4361 1078 4416 proo-

283 4406 383 4462 morioe
396 4406 477 4464 latare
490 4411 681 4468 annotationem
701 4422 817 4467 nostram
828 4415 913 4468 nescio
926 4415 984 4485 onis
999 4426 1077 4471 tonoc-

281 4481 367 4532 rariur
382 4479 541 4534 scribendam
559 4482 588 4536 in
599 4498 705 4556 corpore
717 4484 861 4556 putauerit,
877 4502 954 4558 qnam
969 4503 1016 4542 nos
1031 4501 1077 4558 pro

282 4549 426 4604 eruditione
441 4550 548 4624 lupentio
563 4555 714 4629 scripsirnns
729 4555 778 4609 boo
795 4559 871 4611 morlo
890 4573 900 4610 .·
919 4555 983 4611 Non
1002 4556 1078 4612 trabat

282 4621 506 4695 καταπαύσωμεν,
525 4633 553 4678 ui
565 4625 671 4696 quoidam
690 4633 793 4698 potunt,
807 4630 852 4682 seni
863 4631 1076 4702 αατακαῦαωμεν,

1129 3335 1171 3386 est
1184 3326 1299 3382 salutem
1316 3327 1342 3382 in
1356 3325 1449 3383 modio
1461 3336 1553 3384 terrae.

1162 3417 1381 3478 Tuconlnmasti
1398 3419 1426 3476 in
1448 3417 1550 3476 virtute
1565 3427 1608 3476 tua
1625 3436 1702 3478 mara
1719 3437 1725 3478 ε
1740 3429 1767 3478 tu
1781 3415 1904 3476 contribu·

1127 3514 1189 3586 insti
1208 3515 1296 3586 capito
1312 3513 1460 3572 draconum
1482 3529 1672 3590 snperaqnas.

1163 3607 1204 3665 Tu
1217 3607 1375 3679 confregisti
1393 3617 1478 3680 caput
1497 3609 1631 3668 draconis
1656 3605 1668 3648 ¹
1694 3607 1807 3682 magni:
1827 3601 1910 3662 iniisti

1128 3717 1191 3762 euno
1201 3702 1227 3758 in
1241 3715 1332 3760 escam
1347 3701 1448 3773 populo
1466 3699 1640 3776 AEtlriopum.

1130 3849 1183 3897 tere
1195 3837 1314 3892 additum
1326 3845 1382 3901 cst,
1397 3853 1449 3892 raon
1462 3835 1536 3890 debet
1553 3838 1616 3909 poni
1630 3835 1659 3890 iu
1674 3849 1793 3907 corpora.
1813 3847 1841 3886 no
1853 3829 1911 3902 prio·

1129 3929 1183 3968 reru
1196 3909 1390 3965 nuntiationem
1404 3909 1625 3978 proscribentium
1640 3909 1771 3962 nolarnato
1785 3905 1909 3960 oorntnrbct.

1132 3984 1223 4046 Vides,
1237 3983 1335 4044 lectior,
1348 3996 1428 4050 rpuauu
1443 3979 1523 4049 tango
1536 3979 1632 4034 abeant
1649 3995 1664 4031 a
1684 3990 1775 4032 tructus
1788 3977 1813 4032 S.
1824 3975 1911 4058 lisicia·

1131 4055 1179 4122 tis,
1195 4053 1240 4125 quoi
1253 4067 1352 4120 rnagno
1365 4051 1523 4115 stornaciro,
1537 4065 1569 4104 ac
1584 4057 1641 4105 toto
1660 4051 1812 4103 aninnnmn
1825 4055 1911 4109 innurem

1132 4131 1249 4196 protrarc
1268 4123 1390 4178 nitnotur
1405 4121 1554 4177 Ecclesiam
1577 4119 1679 4176 Christi
1700 4119 1828 4190 alrjccisso
1842 4113 1910 4194 licin-

1131 4195 1316 4264 cbronolop‘nc
1331 4193 1391 4249 iibri
1404 4192 1544 4248 narremus
1557 4192 1717 4256 raritatcm3
1732 4191 1791 4262 qam
1804 4187 1877 4242 sarnai
1890 4201 1911 4237 ur

1131 4283 1203 4324 annm
1224 4268 1251 4321 io
1274 4265 1402 4320 Ecclesiia
1429 4262 1591 4318 dccarrtatnr
1608 4271 1721 4334 propter
1740 4261 1911 4330 antiquitatem

1131 4337 1304 4406 chronologia
1318 4335 1389 4391 Lxx
1403 4335 1594 4403 interpretum,
1604 4350 1663 4404 quoa
1677 4350 1710 4388 cx
1723 4332 1852 4387 Cin-onius
1866 4327 1911 4382 Eu·
1976 4355 1977 4364 κ

1132 4410 1243 4468 sciriano
1261 4409 1289 4465 in
1313 4405 1532 4480 blarryralopinm
1557 4407 1710 4462 itomanam
1734 4401 1851 4458 desirata
1868 4405 1911 4452 ost.

1132 4483 1221 4539 naar.
1240 4509 1277 4522 ·-
1299 4479 1415 4534 larbam
1436 4479 1566 4546 quiescere
1584 4477 1664 4534 obelo
1685 4479 1833 4546 prunotant
1848 4469 1913 4526 Palo·

1132 4555 1203 4608 tinus
1219 4567 1271 4606 ms.
1285 4559 1313 4604 at
1328 4549 1424 4605 Casus.

1169 4635 1181 4664 1
1196 4624 1261 4678 sino
1275 4621 1356 4676 obolo
1369 4623 1394 4676 la
1409 4619 1533 4676 amano
1547 4633 1598 4674 ms.
1611 4629 1649 4675 est
1664 4617 1773 4687 lapitur.

282 4691 310 4744 ia
323 4700 379 4757 tsi,
398 4694 576 4748 irrccrnriornus.
594 4695 627 4750 ur
645 4699 706 4770 quoia
720 4698 809 4752 retulit
823 4699 886 4753 ntiiui
901 4701 931 4754 S.
950 4703 1081 4772 presbyter
1096 4687 1121 4750 Ῑ)
1168 4693 1181 4733 ‘¹
1196 4693 1360 4748 Veronensis·
1376 4706 1440 4756 nisu
1455 4693 1584 4774 iiiiiii‘i!
1595 4691 1767 4775 ornumornum
1779 4703 1808 4744 ⁸⁸
1827 4702 1852 4769 ,Γ
1864 4695 1913 4764 Μ’.

283 4761 405 4825 Firmus,
420 4764 654 4836 anibnjusoperir
673 4780 779 4823 cunctor
794 4771 1079 4840 [uit,intorpinrimos
1133 4764 1365 4838 pascuatam-Etr
1380 4779 1457 4834 quam
1476 4765 1612 4834 iiiiiiiiii
1632 4761 1666 4845 ,σὺ
1692 4773 1776 4816 imm·
1811 4759 1913 4842 ‚infin

281 4832 465 4891 utrratouaom
477 4839 653 4910 perustionem.
668 4841 774 4912 planius
788 4843 820 4895 tle
835 4839 882 4895 lino
892 4843 1079 4912 disputantium
1132 4841 1231 4912 oirpam
1243 4837 1346 4891 uititiit
1361 4844 1422 4898 tna,
1434 4851 1510 4890 1110111
1527 4833 1603 4917 Sion,
1628 4850 1656 4916 111Ι
1680 4849 1732 4904 quo
1758 4831 1870 4914 trainensis
1891 4839 1913 4878 11

280 4906 390 4962 uiduus.
403 4906 436 4964 ln
448 4906 529 4964 linia.
539 4910 664 4982 seriptum
678 4918 716 4966 est
727 4925 899 4970 sannuncuou
910 4929 965 4971 uros
977 4929 1030 4971 osu
1045 4929 1079 4970 nu
1132 4927 1173 4965 co.
1186 4907 1377 4962 lilmosmanns
1386 4914 1456 4972 taos,
1471 4917 1538 4972 etc,
1548 4921 1575 4958 m
1589 4907 1673 4959 mauro
1683 4903 1849 4960 saricmmtanr
1859 4907 1912 4950 tna.

983 5029 989 5040 .
1133 4983 1167 5040 bu
1177 4978 1353 5048 subsequenti
1369 4992 1461 5042 uersu,
1474 4977 1540 5032 ricrrt
1564 4977 1696 5048 inpressas
1710 4974 1831 5046 desurper,
1853 4977 1913 5024 torru-

281 5039 383 5083 fflifls
393 5023 404 5095 i
410 5031 494 5112 ῩἾΧἎ
506 5033 543 5086 iii
553 5031 648 5090 ῬὯΓῺ
660 5007 790 5098 ¹illim)
808 5044 814 5079 ²
830 5025 902 5098 ‘im
921 5026 1035 5100 aquito,
1055 5036 1080 5084 ‘⁸
1132 5051 1292 5124 pannorum,
1302 5058 1367 5116 etc,
1379 5049 1450 5102 ascio
1466 5058 1489 5102 et
1504 5047 1606 5120 bipenni
1618 5047 1769 5116 dejecerunt
1781 5059 1842 5098 narrt.
1857 5041 1913 5122 Qum

283 5116 454 5186 spanorum
468 5127 614 5184 natarunt,
634 5119 788 5196 ἐνεπύρισαν
801 5121 888 5182 πάσας
901 5123 949 5182 τὰς
962 5142 1081 5196 curapa-
1133 5123 1307 5192 sorosonuimr
1329 5122 1474 5192 pericope,
1489 5116 1503 5173 i
1507 5117 1664 5199 1111491111
1680 5118 1734 5188 ipni
1750 5121 1912 5194 “iiiiii''im

281 5191 330 5260 νὰς
340 5195 386 5246 roi
401 5196 479 5254 oroi,
498 5189 596 5255 inlesi,
612 5189 781 5246 incenderunt
794 5207 883 5246 ornam
904 5189 1080 5249 roiomnitntes
1133 5193 1255 5260 tummim
1269 5205 1363 5247 coms.
1381 5190 1573 5257 desideratum
1590 5203 1616 5244 tn
1644 5189 1738 5244 011111
1754 5197 1839 5242 utilem
1862 5195 1912 5264 91⁰⁵

283 5258 453 5315 lteiintcrro.
473 5259 1077 5327 Quintmnnrinnuono.inierucomiusrernnt.
1130 5265 1226 5336 bapino
1242 5262 1322 5334 paulo
1340 5265 1468 5333 sonoriora
1489 5277 1570 5318 maon
1597 5261 1750 5332 suppletur.
1771 5266 1912 5328 errepprnoa

282 5330 380 5393 Sco-to,
398 5335 619 5405 ααταααύαωμαν,
634 5333 662 5386 iti
677 5343 730 5396 ast.
751 5333 931 5388 comburamus
946 5348 956 5388 .·
969 5335 1037 5404 puori
1052 5347 1078 5394 et
1129 5355 1160 5394 au
1175 5355 1199 5406 pr
1209 5335 1231 5392 ri
1246 5349 1272 5390 to
1288 5333 1440 5408 arpiartirion
1456 5349 1498 5390 su.

284 5402 458 5473 Septuopinto
470 5405 548 5473 juata
562 5403 746 5488 lieaopiornm
757 5405 888 5459 ueritatem
902 5405 1077 5472 tromtaiissc.
1167 5353 1361 5464 sioronmsts
1384 5420 1449 5470 ms„
1473 5401 1639 5476 cogitationes
1664 5417 1753 5456 eornm
1776 5401 1802 5454 in
1820 5405 1913 5480 narrant?

214 5503 217 5510 -
282 5473 447 5546 perspicuum
461 5482 508 5527 est.
521 5471 679 5531 lisconionon
692 5491 792 5548 unoque
804 5477 1077 5552 inrupiooproocrtit,
1129 5479 1195 5536 uenit
1211 5479 1272 5552 (pro
1295 5476 1400 5542 uenite),
1422 5479 1624 5548 corripuimanrns
1647 5488 1736 5556 oannes
1753 5473 1912 5527 soientntltb‘i

282 5544 310 5599 iti
325 5551 377 5604 est.
393 5542 586 5598 succendamus.
603 5543 645 5600 En
659 5563 711 5616 quo
726 5551 890 5618 perspicuum
906 5559 943 5603 cst
956 5549 994 5605 sic
1008 5549 1077 5616 psat·
1132 5550 1180 5606 boi
1195 5567 1211 5604 a
1226 5559 1304 5604 terro.
1322 5547 1405 5620 Sinna
1417 5557 1503 5601 nostra
1516 5563 1566 5601 non
1582 5561 1760 5620 capnouomno,
1774 5551 1797 5598 et
1812 5555 1858 5595 non
1879 5543 1912 5616 al

283 5614 398 5678 lendium,
413 5625 441 5668 ut
456 5629 501 5668 nos
514 5616 677 5684 interpretati
692 5633 797 5685 surrtus,·
810 5627 834 5672 ct
847 5627 931 5675 tannen
946 5621 1079 5674 scicrnriuat
1131 5624 1208 5676 etiarn
1232 5618 1370 5693 prostituis,
1382 5629 1438 5690 ¹trie·
1455 5617 1551 5672 bibero
1574 5617 1609 5672 ab
1638 5617 1689 5670 ¹¹00
1703 5629 1797 5678 uersu,
1817 5610 1847 5666 iii
1859 5603 1913 5688 ilii

282 5685 345 5758 quisi
357 5683 487 5739 Hebraico
500 5687 595 5740 teritos
609 5684 711 5742 brabant.
727 5687 786 5743 iioc
800 5689 869 5745 oraim
883 5691 952 5760 quoti
964 5689 1078 5760 Septnu·
1130 5693 1244 5748 anartisti
1269 5707 1376 5745 ntattum
1394 5696 1467 5746 tutam
1488 5697 1513 5744 et
1536 5691 1669 5744 uentorum
1690 5695 1761 5742 lnam
1783 5684 1814 5738 it
1834 5677 1912 5766 filiii

283 5759 356 5830 pinta
368 5756 568 5822 trorrstuierunt,
580 5766 687 5879 proptor
698 5767 848 5814 uetrrstatcm
861 5762 887 5814 in
904 5759 1020 5816 Ecclesia
1034 5762 1080 5818 ric-
1131 5766 1204 5820 sinus
1216 5763 1263 5832 tui,
1277 5775 1343 5829 (νίας
1360 5773 1415 5816 tant
1431 5759 1586 5824 contrivisti,
1603 5756 1848 5834 pronontrilninott.

285 5827 441 5881 cantantium
459 5833 512 5891 cst,
531 5835 554 5880 et
570 5825 637 5881 ilasi
655 5828 807 5887 obtruditis
826 5830 958 5886 sciendum
974 5841 1080 5904 proptor
1170 5833 1260 5890 iilluni
1273 5834 1371 5906 rrrapni,
1384 5833 1410 5887 in
1425 5823 1573 5888 Veronensi
1586 5837 1809 5896 ms.,traosrorsa
1823 5817 1910 5877 1111011

285 5899 404 5954 mairiam
419 5897 627 5968 scripturorum.
642 5897 752 5956 Uotieni
765 5901 885 5974 ouidpro
906 5903 994 5960 studio
1012 5920 1025 5960 o
1040 5902 1080 5960 ia·
1133 5919 1164 5962 ac
1180 5905 1285 5979 punctis
1304 5903 1468 5974 subnotatis,
1479 5899 1583 5976 jannuliu
1597 5901 1663 5960 olim
1684 5907 1844 5973 expunctum
1859 5899 1908 5948 ost:
