<?xml version="1.0" encoding="UTF-8"?>
<!DOCTYPE html PUBLIC "-//W3C//DTD XHTML 1.0 Transitional//EN"
    "http://www.w3.org/TR/xhtml1/DTD/xhtml1-transitional.dtd">
<html xmlns="http://www.w3.org/1999/xhtml" xml:lang="en" lang="en">
 <head>
  <title>
</title>
<meta http-equiv="Content-Type" content="text/html;charset=utf-8" />
  <meta name='ocr-system' content='tesseract 3.04.00' />
  <meta name='ocr-capabilities' content='ocr_page ocr_carea ocr_par ocr_line ocrx_word'/>
</head>
<body>
  <div class='ocr_page' id='page_1' title='image "./patrologiaecurs140migngoog/patrologiaecurs140migngoog_0032.png"; bbox 0 0 4017 6334; ppageno 0'>
   <div class='ocr_carea' id='block_1_1' title="bbox 255 295 1908 372">
    <p class='ocr_par' dir='ltr' id='par_1_1' title="bbox 255 295 1908 372">
     <span class='ocr_line' id='line_1_1' title="bbox 255 295 1908 372; baseline -0.002 -11"><span class='ocrx_word' id='word_1_1' title='bbox 255 310 292 372; x_wconf 77' lang='grc'>55</span> <span class='ocrx_word' id='word_1_2' title='bbox 763 300 793 360; x_wconf 88' lang='lat' dir='ltr'>S.</span> <span class='ocrx_word' id='word_1_3' title='bbox 814 297 1006 360; x_wconf 77' lang='lat' dir='ltr'>ntuentium</span> <span class='ocrx_word' id='word_1_4' title='bbox 1024 295 1142 356; x_wconf 77' lang='lat' dir='ltr'>ulvius</span> <span class='ocrx_word' id='word_1_5' title='bbox 1161 297 1402 360; x_wconf 72' lang='lat' dir='ltr'>smeldincos.</span> <span class='ocrx_word' id='word_1_6' title='bbox 1874 308 1908 368; x_wconf 73' lang='lat' dir='ltr'>bb</span> 
     </span>
    </p>
   </div>
   <div class='ocr_carea' id='block_1_2' title="bbox 243 410 1917 3270">
    <p class='ocr_par' dir='ltr' id='par_1_2' title="bbox 243 410 1917 3270">
     <span class='ocr_line' id='line_1_2' title="bbox 263 410 1902 490; baseline -0.002 -12"><span class='ocrx_word' id='word_1_7' title='bbox 263 421 339 478; x_wconf 88' lang='lat' dir='ltr'>niam</span> <span class='ocrx_word' id='word_1_8' title='bbox 349 416 498 478; x_wconf 86' lang='lat' dir='ltr'>custodivit</span> <span class='ocrx_word' id='word_1_9' title='bbox 511 429 557 476; x_wconf 91' lang='lat' dir='ltr'>me</span> <span class='ocrx_word' id='word_1_10' title='bbox 570 414 684 489; x_wconf 72' lang='lat' dir='ltr'>angelus</span> <span class='ocrx_word' id='word_1_11' title='bbox 697 411 769 484; x_wconf 81' lang='lat' dir='ltr'>eius,</span> <span class='ocrx_word' id='word_1_12' title='bbox 782 419 810 470; x_wconf 94' lang='lat' dir='ltr'>et</span> <span class='ocrx_word' id='word_1_13' title='bbox 819 410 882 471; x_wconf 87' lang='lat' dir='ltr'>irinc</span> <span class='ocrx_word' id='word_1_14' title='bbox 894 421 1015 480; x_wconf 89' lang='lat' dir='ltr'>euntem,</span> <span class='ocrx_word' id='word_1_15' title='bbox 1029 419 1057 468; x_wconf 90' lang='lat' dir='ltr'>et</span> <span class='ocrx_word' id='word_1_16' title='bbox 1068 415 1097 476; x_wconf 75' lang='grc' dir='ltr'><strong>Α</strong></span> <span class='ocrx_word' id='word_1_17' title='bbox 1108 412 1193 471; x_wconf 88' lang='lat' dir='ltr'>lsrael</span> <span class='ocrx_word' id='word_1_18' title='bbox 1206 413 1262 490; x_wconf 77' lang='lat' dir='ltr'>[tt.</span> <span class='ocrx_word' id='word_1_19' title='bbox 1277 413 1306 472; x_wconf 94' lang='lat' dir='ltr'>in</span> <span class='ocrx_word' id='word_1_20' title='bbox 1318 410 1427 486; x_wconf 86' lang='lat' dir='ltr'>lsrael],</span> <span class='ocrx_word' id='word_1_21' title='bbox 1443 413 1541 474; x_wconf 90' lang='lat' dir='ltr'>relicto</span> <span class='ocrx_word' id='word_1_22' title='bbox 1552 414 1717 488; x_wconf 69' lang='lat' dir='ltr'>gentilitatis</span> <span class='ocrx_word' id='word_1_23' title='bbox 1731 415 1784 475; x_wconf 87' lang='lat' dir='ltr'>ritu</span> <span class='ocrx_word' id='word_1_24' title='bbox 1796 459 1805 488; x_wconf 91' lang='lat'>,</span> <span class='ocrx_word' id='word_1_25' title='bbox 1819 421 1902 478; x_wconf 83' lang='lat' dir='ltr'>credi.</span> 
     </span>
     <span class='ocr_line' id='line_1_3' title="bbox 257 504 1898 584; baseline -0.004 -12"><span class='ocrx_word' id='word_1_26' title='bbox 257 513 298 572; x_wconf 90' lang='lat' dir='ltr'>ibi</span> <span class='ocrx_word' id='word_1_27' title='bbox 310 522 538 579; x_wconf 75' lang='lat' dir='ltr'>commorantem,</span> <span class='ocrx_word' id='word_1_28' title='bbox 553 519 582 568; x_wconf 91' lang='lat' dir='ltr'>et</span> <span class='ocrx_word' id='word_1_29' title='bbox 595 509 659 567; x_wconf 90' lang='lat' dir='ltr'>inde</span> <span class='ocrx_word' id='word_1_30' title='bbox 672 508 725 565; x_wconf 88' lang='lat' dir='ltr'>buc</span> <span class='ocrx_word' id='word_1_31' title='bbox 743 514 938 574; x_wconf 83' lang='lat' dir='ltr'>reuertentem,</span> <span class='ocrx_word' id='word_1_32' title='bbox 960 513 988 562; x_wconf 90' lang='lat' dir='ltr'>et</span> <span class='ocrx_word' id='word_1_33' title='bbox 1003 519 1057 561; x_wconf 92' lang='lat' dir='ltr'>non</span> <span class='ocrx_word' id='word_1_34' title='bbox 1110 505 1152 562; x_wconf 92' lang='lat' dir='ltr'>dit</span> <span class='ocrx_word' id='word_1_35' title='bbox 1166 505 1234 574; x_wconf 85' lang='lat' dir='ltr'>Deo,</span> <span class='ocrx_word' id='word_1_36' title='bbox 1248 515 1275 564; x_wconf 92' lang='lat' dir='ltr'>ct</span> <span class='ocrx_word' id='word_1_37' title='bbox 1284 504 1456 564; x_wconf 81' lang='lat' dir='ltr'>circumcidit</span> <span class='ocrx_word' id='word_1_38' title='bbox 1473 522 1585 566; x_wconf 89' lang='lat' dir='ltr'>caruem</span> <span class='ocrx_word' id='word_1_39' title='bbox 1599 509 1726 584; x_wconf 77' lang='lat' dir='ltr'>preputd</span> <span class='ocrx_word' id='word_1_40' title='bbox 1740 509 1795 582; x_wconf 89' lang='lat' dir='ltr'>sui,</span> <span class='ocrx_word' id='word_1_41' title='bbox 1810 519 1838 567; x_wconf 92' lang='lat' dir='ltr'>et</span> <span class='ocrx_word' id='word_1_42' title='bbox 1851 527 1898 584; x_wconf 91' lang='lat' dir='ltr'>ap-</span> 
     </span>
     <span class='ocr_line' id='line_1_4' title="bbox 259 595 1901 681; baseline -0.001 -17"><span class='ocrx_word' id='word_1_43' title='bbox 259 607 386 681; x_wconf 89' lang='lat' dir='ltr'>permisit</span> <span class='ocrx_word' id='word_1_44' title='bbox 406 621 450 663; x_wconf 91' lang='lat' dir='ltr'>me</span> <span class='ocrx_word' id='word_1_45' title='bbox 474 603 606 662; x_wconf 81' lang='lat' dir='ltr'>Dominus</span> <span class='ocrx_word' id='word_1_46' title='bbox 627 600 754 658; x_wconf 88' lang='lat' dir='ltr'>ancillam</span> <span class='ocrx_word' id='word_1_47' title='bbox 778 613 854 656; x_wconf 89' lang='lat' dir='ltr'>suam</span> <span class='ocrx_word' id='word_1_48' title='bbox 872 595 1055 670; x_wconf 85' lang='lat' dir='ltr'>coinquinari,</span> <span class='ocrx_word' id='word_1_49' title='bbox 1110 596 1215 670; x_wconf 86' lang='lat' dir='ltr'>positus</span> <span class='ocrx_word' id='word_1_50' title='bbox 1233 607 1275 656; x_wconf 88' lang='lat' dir='ltr'>est</span> <span class='ocrx_word' id='word_1_51' title='bbox 1290 598 1323 654; x_wconf 87' lang='lat' dir='ltr'>ad</span> <span class='ocrx_word' id='word_1_52' title='bbox 1338 599 1468 672; x_wconf 90' lang='lat' dir='ltr'>populum</span> <span class='ocrx_word' id='word_1_53' title='bbox 1481 611 1493 641; x_wconf 69' lang='grc' dir='ltr'>ι</span> <span class='ocrx_word' id='word_1_54' title='bbox 1504 599 1600 670; x_wconf 91' lang='lat' dir='ltr'>lsrael,</span> <span class='ocrx_word' id='word_1_55' title='bbox 1620 609 1649 658; x_wconf 94' lang='lat' dir='ltr'>et</span> <span class='ocrx_word' id='word_1_56' title='bbox 1662 601 1753 660; x_wconf 89' lang='lat' dir='ltr'>omnis</span> <span class='ocrx_word' id='word_1_57' title='bbox 1766 605 1901 662; x_wconf 77' lang='lat' dir='ltr'>successio</span> 
     </span>
     <span class='ocr_line' id='line_1_5' title="bbox 258 689 1706 770; baseline -0.005 -12"><span class='ocrx_word' id='word_1_58' title='bbox 258 697 308 758; x_wconf 89' lang='lat' dir='ltr'>sed</span> <span class='ocrx_word' id='word_1_59' title='bbox 323 698 383 755; x_wconf 90' lang='lat' dir='ltr'>sine</span> <span class='ocrx_word' id='word_1_60' title='bbox 393 695 546 770; x_wconf 89' lang='lat' dir='ltr'>pollutione</span> <span class='ocrx_word' id='word_1_61' title='bbox 554 693 664 767; x_wconf 87' lang='lat' dir='ltr'>&#39;peccati</span> <span class='ocrx_word' id='word_1_62' title='bbox 679 691 819 750; x_wconf 84' lang='lat' dir='ltr'>reuocauit</span> <span class='ocrx_word' id='word_1_63' title='bbox 839 705 884 748; x_wconf 89' lang='lat' dir='ltr'>me</span> <span class='ocrx_word' id='word_1_64' title='bbox 898 689 975 748; x_wconf 88' lang='lat' dir='ltr'>vobis</span> <span class='ocrx_word' id='word_1_65' title='bbox 989 705 1058 761; x_wconf 81' lang='lat' dir='ltr'>qau-</span> <span class='ocrx_word' id='word_1_66' title='bbox 1109 690 1219 761; x_wconf 69' lang='lat' dir='ltr'>pencris</span> <span class='ocrx_word' id='word_1_67' title='bbox 1229 690 1289 762; x_wconf 76' lang='lat' dir='ltr'>eius</span> <span class='ocrx_word' id='word_1_68' title='bbox 1300 706 1386 764; x_wconf 86' lang='lat' dir='ltr'>usquc</span> <span class='ocrx_word' id='word_1_69' title='bbox 1401 693 1429 748; x_wconf 91' lang='lat' dir='ltr'>in</span> <span class='ocrx_word' id='word_1_70' title='bbox 1443 690 1605 751; x_wconf 84' lang='lat' dir='ltr'>hodiernum</span> <span class='ocrx_word' id='word_1_71' title='bbox 1621 693 1706 752; x_wconf 90' lang='lat' dir='ltr'>diem.</span> 
     </span>
     <span class='ocr_line' id='line_1_6' title="bbox 257 779 1902 865; baseline 0 -17"><span class='ocrx_word' id='word_1_72' title='bbox 257 790 368 848; x_wconf 82' lang='lat' dir='ltr'>dentem</span> <span class='ocrx_word' id='word_1_73' title='bbox 382 789 409 845; x_wconf 92' lang='lat' dir='ltr'>ln</span> <span class='ocrx_word' id='word_1_74' title='bbox 425 787 539 843; x_wconf 84' lang='lat' dir='ltr'>uictoria</span> <span class='ocrx_word' id='word_1_75' title='bbox 554 801 614 852; x_wconf 88' lang='lat' dir='ltr'>sua,</span> <span class='ocrx_word' id='word_1_76' title='bbox 628 783 655 840; x_wconf 93' lang='lat' dir='ltr'>iu</span> <span class='ocrx_word' id='word_1_77' title='bbox 668 783 796 840; x_wconf 74' lang='lat' dir='ltr'>evasione</span> <span class='ocrx_word' id='word_1_78' title='bbox 817 796 890 850; x_wconf 89' lang='lat' dir='ltr'>mea,</span> <span class='ocrx_word' id='word_1_79' title='bbox 904 789 933 838; x_wconf 92' lang='grc' dir='ltr'>ιι</span> <span class='ocrx_word' id='word_1_80' title='bbox 947 781 975 836; x_wconf 91' lang='lat' dir='ltr'>io</span> <span class='ocrx_word' id='word_1_81' title='bbox 985 779 1056 836; x_wconf 88' lang='lat' dir='ltr'>libe·</span> <span class='ocrx_word' id='word_1_82' title='bbox 1145 784 1207 842; x_wconf 87' lang='lat' dir='ltr'>llox</span> <span class='ocrx_word' id='word_1_83' title='bbox 1217 794 1309 844; x_wconf 89' lang='lat' dir='ltr'>autem</span> <span class='ocrx_word' id='word_1_84' title='bbox 1320 793 1351 844; x_wconf 92' lang='lat' dir='ltr'>ut</span> <span class='ocrx_word' id='word_1_85' title='bbox 1365 794 1442 846; x_wconf 87' lang='lat' dir='ltr'>ortus</span> <span class='ocrx_word' id='word_1_86' title='bbox 1454 797 1498 846; x_wconf 89' lang='lat' dir='ltr'>eat</span> <span class='ocrx_word' id='word_1_87' title='bbox 1507 787 1586 858; x_wconf 86' lang='lat' dir='ltr'>dies,</span> <span class='ocrx_word' id='word_1_88' title='bbox 1599 788 1804 864; x_wconf 89' lang='lat' dir='ltr'>suspenderunt</span> <span class='ocrx_word' id='word_1_89' title='bbox 1821 806 1902 865; x_wconf 85' lang='lat' dir='ltr'>super</span> 
     </span>
     <span class='ocr_line' id='line_1_7' title="bbox 256 863 1903 960; baseline -0.001 -18"><span class='ocrx_word' id='word_1_90' title='bbox 256 885 366 942; x_wconf 88' lang='lat' dir='ltr'>ratione</span> <span class='ocrx_word' id='word_1_91' title='bbox 388 890 491 940; x_wconf 86' lang='lat' dir='ltr'>vestra.</span> <span class='ocrx_word' id='word_1_92' title='bbox 508 889 522 920; x_wconf 79' lang='lat'>⁸</span> <span class='ocrx_word' id='word_1_93' title='bbox 537 877 714 936; x_wconf 87' lang='lat' dir='ltr'>Condtemini</span> <span class='ocrx_word' id='word_1_94' title='bbox 735 877 774 934; x_wconf 92' lang='lat' dir='ltr'>iili</span> <span class='ocrx_word' id='word_1_95' title='bbox 796 889 904 944; x_wconf 89' lang='lat' dir='ltr'>omnes,</span> <span class='ocrx_word' id='word_1_96' title='bbox 928 872 1057 947; x_wconf 86' lang='lat' dir='ltr'>quoniam</span> <span class='ocrx_word' id='word_1_97' title='bbox 1109 863 1203 937; x_wconf 77' lang='lat' dir='ltr'>muros</span> <span class='ocrx_word' id='word_1_98' title='bbox 1214 889 1298 952; x_wconf 82' lang='lat' dir='ltr'>caput</span> <span class='ocrx_word' id='word_1_99' title='bbox 1309 881 1476 951; x_wconf 84' lang='lat' dir='ltr'>llnlolernie,</span> <span class='ocrx_word' id='word_1_100' title='bbox 1491 883 1651 957; x_wconf 75' lang='lat' dir='ltr'>accepitque</span> <span class='ocrx_word' id='word_1_101' title='bbox 1663 887 1849 960; x_wconf 84' lang='lat' dir='ltr'>unusquisque</span> <span class='ocrx_word' id='word_1_102' title='bbox 1862 890 1903 947; x_wconf 85' lang='lat' dir='ltr'>rir</span> 
     </span>
     <span class='ocr_line' id='line_1_8' title="bbox 255 966 1903 1050; baseline -0.006 -15"><span class='ocrx_word' id='word_1_103' title='bbox 255 976 356 1044; x_wconf 89' lang='lat' dir='ltr'>bonus,</span> <span class='ocrx_word' id='word_1_104' title='bbox 372 975 503 1048; x_wconf 89' lang='lat' dir='ltr'>quoniam</span> <span class='ocrx_word' id='word_1_105' title='bbox 519 971 546 1029; x_wconf 89' lang='lat' dir='ltr'>in</span> <span class='ocrx_word' id='word_1_106' title='bbox 560 971 690 1030; x_wconf 84' lang='lat' dir='ltr'>saeculum</span> <span class='ocrx_word' id='word_1_107' title='bbox 705 967 896 1026; x_wconf 86' lang='lat' dir='ltr'>misericordia</span> <span class='ocrx_word' id='word_1_108' title='bbox 908 966 979 1040; x_wconf 76' lang='lat' dir='ltr'>eius.</span> <span class='ocrx_word' id='word_1_109' title='bbox 1109 987 1185 1030; x_wconf 78' lang='lat' dir='ltr'>arma</span> <span class='ocrx_word' id='word_1_110' title='bbox 1195 988 1256 1040; x_wconf 77' lang='lat' dir='ltr'>rua,</span> <span class='ocrx_word' id='word_1_111' title='bbox 1271 982 1301 1030; x_wconf 78' lang='lat' dir='ltr'>ot</span> <span class='ocrx_word' id='word_1_112' title='bbox 1312 973 1491 1046; x_wconf 71' lang='lat' dir='ltr'>egressisque</span> <span class='ocrx_word' id='word_1_113' title='bbox 1500 976 1668 1047; x_wconf 59' lang='lat' dir='ltr'>comprendi</span> <span class='ocrx_word' id='word_1_114' title='bbox 1680 979 1903 1050; x_wconf 62' lang='lat' dir='ltr'>anteplasmato.</span> 
     </span>
     <span class='ocr_line' id='line_1_9' title="bbox 293 1057 1904 1138; baseline 0.001 -13"><span class='ocrx_word' id='word_1_115' title='bbox 293 1067 419 1126; x_wconf 85' lang='lat' dir='ltr'>Universi</span> <span class='ocrx_word' id='word_1_116' title='bbox 434 1075 526 1122; x_wconf 88' lang='lat' dir='ltr'>autem</span> <span class='ocrx_word' id='word_1_117' title='bbox 540 1065 687 1122; x_wconf 82' lang='lat' dir='ltr'>adorantes</span> <span class='ocrx_word' id='word_1_118' title='bbox 702 1061 865 1129; x_wconf 80' lang='lat' dir='ltr'>namnum,</span> <span class='ocrx_word' id='word_1_119' title='bbox 881 1059 1012 1118; x_wconf 87' lang='lat' dir='ltr'>dixerunt</span> <span class='ocrx_word' id='word_1_120' title='bbox 1022 1057 1058 1115; x_wconf 93' lang='lat' dir='ltr'>ad</span> <span class='ocrx_word' id='word_1_121' title='bbox 1110 1064 1176 1122; x_wconf 89' lang='lat' dir='ltr'>latu.</span> <span class='ocrx_word' id='word_1_122' title='bbox 1188 1065 1267 1134; x_wconf 79' lang='lat' dir='ltr'>Quod</span> <span class='ocrx_word' id='word_1_123' title='bbox 1279 1064 1405 1123; x_wconf 86' lang='lat' dir='ltr'>ridentes</span> <span class='ocrx_word' id='word_1_124' title='bbox 1418 1067 1626 1138; x_wconf 84' lang='lat' dir='ltr'>exploratores,</span> <span class='ocrx_word' id='word_1_125' title='bbox 1638 1067 1674 1125; x_wconf 87' lang='lat' dir='ltr'>ad</span> <span class='ocrx_word' id='word_1_126' title='bbox 1699 1067 1904 1127; x_wconf 87' lang='lat' dir='ltr'>tabernaculum</span> 
     </span>
     <span class='ocr_line' id='line_1_10' title="bbox 257 1153 1905 1234; baseline 0.001 -13"><span class='ocrx_word' id='word_1_127' title='bbox 257 1176 320 1221; x_wconf 92' lang='lat' dir='ltr'>eam</span> <span class='ocrx_word' id='word_1_128' title='bbox 334 1179 340 1215; x_wconf 96' lang='lat'><strong>:</strong></span> <span class='ocrx_word' id='word_1_129' title='bbox 357 1160 501 1218; x_wconf 85' lang='lat' dir='ltr'>Benedixit</span> <span class='ocrx_word' id='word_1_130' title='bbox 515 1167 543 1216; x_wconf 94' lang='lat' dir='ltr'>te</span> <span class='ocrx_word' id='word_1_131' title='bbox 558 1159 690 1215; x_wconf 86' lang='lat' dir='ltr'>Dominus</span> <span class='ocrx_word' id='word_1_132' title='bbox 702 1157 732 1212; x_wconf 91' lang='lat' dir='ltr'>in</span> <span class='ocrx_word' id='word_1_133' title='bbox 743 1155 845 1212; x_wconf 80' lang='lat' dir='ltr'>virtute</span> <span class='ocrx_word' id='word_1_134' title='bbox 858 1168 920 1222; x_wconf 89' lang='lat' dir='ltr'>sua,</span> <span class='ocrx_word' id='word_1_135' title='bbox 934 1153 997 1226; x_wconf 91' lang='lat' dir='ltr'>quia</span> <span class='ocrx_word' id='word_1_136' title='bbox 1008 1166 1058 1224; x_wconf 89' lang='lat' dir='ltr'>per</span> <span class='ocrx_word' id='word_1_137' title='bbox 1109 1156 1265 1215; x_wconf 87' lang='lat' dir='ltr'>llolnlernis</span> <span class='ocrx_word' id='word_1_138' title='bbox 1276 1167 1466 1216; x_wconf 89' lang='lat' dir='ltr'>cucurrerunt.</span> <span class='ocrx_word' id='word_1_139' title='bbox 1481 1161 1567 1217; x_wconf 86' lang='lat' dir='ltr'>Porro</span> <span class='ocrx_word' id='word_1_140' title='bbox 1579 1160 1609 1216; x_wconf 93' lang='lat' dir='ltr'>bi</span> <span class='ocrx_word' id='word_1_141' title='bbox 1620 1160 1667 1234; x_wconf 89' lang='lat' dir='ltr'>qui</span> <span class='ocrx_word' id='word_1_142' title='bbox 1681 1161 1709 1216; x_wconf 90' lang='lat' dir='ltr'>in</span> <span class='ocrx_word' id='word_1_143' title='bbox 1729 1162 1905 1222; x_wconf 88' lang='lat' dir='ltr'>tabernaculo</span> 
     </span>
     <span class='ocr_line' id='line_1_11' title="bbox 255 1245 1905 1327; baseline 0.001 -16"><span class='ocrx_word' id='word_1_144' title='bbox 255 1265 284 1313; x_wconf 91' lang='lat' dir='ltr'>te</span> <span class='ocrx_word' id='word_1_145' title='bbox 296 1255 331 1312; x_wconf 90' lang='lat' dir='ltr'>ad</span> <span class='ocrx_word' id='word_1_146' title='bbox 344 1251 458 1310; x_wconf 86' lang='lat' dir='ltr'>nibilum</span> <span class='ocrx_word' id='word_1_147' title='bbox 473 1251 579 1324; x_wconf 74' lang='lat' dir='ltr'>redegit</span> <span class='ocrx_word' id='word_1_148' title='bbox 593 1250 720 1308; x_wconf 89' lang='lat' dir='ltr'>inimicos</span> <span class='ocrx_word' id='word_1_149' title='bbox 729 1255 850 1306; x_wconf 86' lang='lat' dir='ltr'>nostros.</span> <span class='ocrx_word' id='word_1_150' title='bbox 863 1245 950 1303; x_wconf 82' lang='lat' dir='ltr'>Porro</span> <span class='ocrx_word' id='word_1_151' title='bbox 964 1245 1055 1316; x_wconf 83' lang='lat' dir='ltr'>Ozias,</span> <span class='ocrx_word' id='word_1_152' title='bbox 1109 1257 1199 1319; x_wconf 86' lang='lat' dir='ltr'>erant,</span> <span class='ocrx_word' id='word_1_153' title='bbox 1213 1253 1367 1321; x_wconf 85' lang='lat' dir='ltr'>uenientes,</span> <span class='ocrx_word' id='word_1_154' title='bbox 1377 1260 1406 1309; x_wconf 88' lang='lat' dir='ltr'>et</span> <span class='ocrx_word' id='word_1_155' title='bbox 1418 1252 1642 1325; x_wconf 77' lang='lat' dir='ltr'>anteinqressum</span> <span class='ocrx_word' id='word_1_156' title='bbox 1657 1254 1778 1312; x_wconf 86' lang='lat' dir='ltr'>cubiculi</span> <span class='ocrx_word' id='word_1_157' title='bbox 1788 1264 1905 1327; x_wconf 90' lang='lat' dir='ltr'>perstre·</span> 
     </span>
     <span class='ocr_line' id='line_1_12' title="bbox 254 1337 1907 1422; baseline -0.008 -3"><span class='ocrx_word' id='word_1_158' title='bbox 254 1350 384 1422; x_wconf 59' lang='lat' dir='ltr'>illimis</span> <span class='ocrx_word' id='word_1_159' title='bbox 397 1345 491 1420; x_wconf 88' lang='lat' dir='ltr'>populi</span> <span class='ocrx_word' id='word_1_160' title='bbox 505 1344 600 1412; x_wconf 61' lang='lat' dir='ltr'>lilith</span> <span class='ocrx_word' id='word_1_161' title='bbox 616 1343 686 1399; x_wconf 66' lang='grc' dir='ltr'><strong>ᾱὶῑῑῑ</strong></span> <span class='ocrx_word' id='word_1_162' title='bbox 706 1340 740 1398; x_wconf 70' lang='lat'>³⁶¹</span> <span class='ocrx_word' id='word_1_163' title='bbox 759 1353 843 1398; x_wconf 66' lang='grc' dir='ltr'><strong>0111ῑὲ</strong></span> <span class='ocrx_word' id='word_1_164' title='bbox 864 1337 1012 1396; x_wconf 61' lang='grc' dir='ltr'><strong>Βθῦθΰῑῦίι</strong></span> <span class='ocrx_word' id='word_1_165' title='bbox 1026 1351 1057 1394; x_wconf 70' lang='grc' dir='ltr'>θῦ</span> <span class='ocrx_word' id='word_1_166' title='bbox 1108 1351 1219 1416; x_wconf 88' lang='lat' dir='ltr'>pentes,</span> <span class='ocrx_word' id='word_1_167' title='bbox 1235 1343 1376 1402; x_wconf 91' lang='lat' dir='ltr'>excitandi</span> <span class='ocrx_word' id='word_1_168' title='bbox 1386 1344 1486 1416; x_wconf 79' lang='lat' dir='ltr'>qratia,</span> <span class='ocrx_word' id='word_1_169' title='bbox 1502 1345 1719 1417; x_wconf 78' lang='lat' dir='ltr'>inquietudinem</span> <span class='ocrx_word' id='word_1_170' title='bbox 1730 1357 1790 1407; x_wconf 90' lang='lat' dir='ltr'>arte</span> <span class='ocrx_word' id='word_1_171' title='bbox 1809 1349 1907 1406; x_wconf 88' lang='lat' dir='ltr'>molie-</span> 
     </span>
     <span class='ocr_line' id='line_1_13' title="bbox 257 1427 1908 1505; baseline 0.002 -8"><span class='ocrx_word' id='word_1_172' title='bbox 257 1441 380 1497; x_wconf 85' lang='lat' dir='ltr'>tudliaa</span> <span class='ocrx_word' id='word_1_173' title='bbox 401 1438 518 1495; x_wconf 81' lang='lat' dir='ltr'>Domino</span> <span class='ocrx_word' id='word_1_174' title='bbox 537 1433 802 1504; x_wconf 71' lang='lat' dir='ltr'>occurrensque</span> <span class='ocrx_word' id='word_1_175' title='bbox 814 1429 943 1488; x_wconf 88' lang='lat' dir='ltr'>omnibus</span> <span class='ocrx_word' id='word_1_176' title='bbox 957 1427 1057 1486; x_wconf 92' lang='lat' dir='ltr'>mulie·</span> <span class='ocrx_word' id='word_1_177' title='bbox 1109 1436 1219 1504; x_wconf 89' lang='lat' dir='ltr'>bantur,</span> <span class='ocrx_word' id='word_1_178' title='bbox 1236 1447 1267 1492; x_wconf 91' lang='lat' dir='ltr'>ut</span> <span class='ocrx_word' id='word_1_179' title='bbox 1281 1451 1336 1493; x_wconf 90' lang='lat' dir='ltr'>non</span> <span class='ocrx_word' id='word_1_180' title='bbox 1357 1436 1394 1493; x_wconf 90' lang='lat' dir='ltr'>ab</span> <span class='ocrx_word' id='word_1_181' title='bbox 1406 1437 1614 1505; x_wconf 78' lang='lat' dir='ltr'>excitantibus,</span> <span class='ocrx_word' id='word_1_182' title='bbox 1636 1439 1686 1496; x_wconf 91' lang='lat' dir='ltr'>sed</span> <span class='ocrx_word' id='word_1_183' title='bbox 1704 1455 1719 1496; x_wconf 94' lang='lat' dir='ltr'>a</span> <span class='ocrx_word' id='word_1_184' title='bbox 1745 1442 1908 1500; x_wconf 86' lang='lat' dir='ltr'>sonantibus</span> 
     </span>
     <span class='ocr_line' id='line_1_14' title="bbox 255 1523 1910 1603; baseline 0 -13"><span class='ocrx_word' id='word_1_185' title='bbox 255 1533 333 1590; x_wconf 90' lang='lat' dir='ltr'>ribus</span> <span class='ocrx_word' id='word_1_186' title='bbox 346 1541 554 1603; x_wconf 88' lang='lat' dir='ltr'>superterram.</span> <span class='ocrx_word' id='word_1_187' title='bbox 567 1527 732 1585; x_wconf 85' lang='lat' dir='ltr'>Benedictus</span> <span class='ocrx_word' id='word_1_188' title='bbox 749 1523 902 1595; x_wconf 82' lang='lat' dir='ltr'>Dominus,</span> <span class='ocrx_word' id='word_1_189' title='bbox 917 1523 964 1596; x_wconf 91' lang='lat' dir='ltr'>qui</span> <span class='ocrx_word' id='word_1_190' title='bbox 976 1536 1057 1580; x_wconf 91' lang='lat' dir='ltr'>crea·</span> <span class='ocrx_word' id='word_1_191' title='bbox 1109 1525 1272 1585; x_wconf 87' lang='lat' dir='ltr'>llolnlernes</span> <span class='ocrx_word' id='word_1_192' title='bbox 1286 1528 1439 1600; x_wconf 72' lang='lat' dir='ltr'>evigilaret.</span> <span class='ocrx_word' id='word_1_193' title='bbox 1453 1527 1554 1586; x_wconf 87' lang='lat' dir='ltr'>Nullus</span> <span class='ocrx_word' id='word_1_194' title='bbox 1567 1528 1640 1586; x_wconf 90' lang='lat' dir='ltr'>enim</span> <span class='ocrx_word' id='word_1_195' title='bbox 1664 1528 1785 1589; x_wconf 89' lang='lat' dir='ltr'>audebat</span> <span class='ocrx_word' id='word_1_196' title='bbox 1798 1532 1910 1591; x_wconf 88' lang='lat' dir='ltr'>cubicu-</span> 
     </span>
     <span class='ocr_line' id='line_1_15' title="bbox 255 1617 1909 1696; baseline -0.002 -12"><span class='ocrx_word' id='word_1_197' title='bbox 255 1625 296 1685; x_wconf 86' lang='lat' dir='ltr'>rit</span> <span class='ocrx_word' id='word_1_198' title='bbox 308 1627 408 1684; x_wconf 88' lang='lat' dir='ltr'>coelum</span> <span class='ocrx_word' id='word_1_199' title='bbox 424 1633 452 1681; x_wconf 90' lang='lat' dir='ltr'>ct</span> <span class='ocrx_word' id='word_1_200' title='bbox 467 1633 581 1690; x_wconf 89' lang='lat' dir='ltr'>terram,</span> <span class='ocrx_word' id='word_1_201' title='bbox 593 1619 642 1694; x_wconf 90' lang='lat' dir='ltr'>qui</span> <span class='ocrx_word' id='word_1_202' title='bbox 657 1629 685 1677; x_wconf 88' lang='lat' dir='ltr'>te</span> <span class='ocrx_word' id='word_1_203' title='bbox 698 1619 802 1676; x_wconf 91' lang='lat' dir='ltr'>direxit</span> <span class='ocrx_word' id='word_1_204' title='bbox 814 1617 841 1675; x_wconf 89' lang='lat' dir='ltr'>in</span> <span class='ocrx_word' id='word_1_205' title='bbox 854 1617 971 1675; x_wconf 82' lang='lat' dir='ltr'>vulnera</span> <span class='ocrx_word' id='word_1_206' title='bbox 982 1617 1058 1690; x_wconf 88' lang='lat' dir='ltr'>capi·</span> <span class='ocrx_word' id='word_1_207' title='bbox 1108 1620 1166 1677; x_wconf 92' lang='lat' dir='ltr'>lum</span> <span class='ocrx_word' id='word_1_208' title='bbox 1179 1619 1290 1678; x_wconf 85' lang='lat' dir='ltr'>virtutis</span> <span class='ocrx_word' id='word_1_209' title='bbox 1301 1618 1480 1694; x_wconf 73' lang='lat' dir='ltr'>Assyriorum</span> <span class='ocrx_word' id='word_1_210' title='bbox 1493 1620 1629 1693; x_wconf 84' lang='lat' dir='ltr'>pulsando</span> <span class='ocrx_word' id='word_1_211' title='bbox 1638 1632 1687 1679; x_wconf 89' lang='lat' dir='ltr'>aut</span> <span class='ocrx_word' id='word_1_212' title='bbox 1699 1621 1832 1680; x_wconf 84' lang='lat' dir='ltr'>intrando</span> <span class='ocrx_word' id='word_1_213' title='bbox 1845 1639 1909 1696; x_wconf 90' lang='lat' dir='ltr'>ape-</span> 
     </span>
     <span class='ocr_line' id='line_1_16' title="bbox 257 1709 1910 1792; baseline -0.002 -14"><span class='ocrx_word' id='word_1_214' title='bbox 257 1721 294 1778; x_wconf 89' lang='grc' dir='ltr'>ιῑι</span> <span class='ocrx_word' id='word_1_215' title='bbox 306 1719 438 1792; x_wconf 83' lang='lat' dir='ltr'>principis</span> <span class='ocrx_word' id='word_1_216' title='bbox 453 1714 627 1773; x_wconf 90' lang='lat' dir='ltr'>inimicorum</span> <span class='ocrx_word' id='word_1_217' title='bbox 642 1723 800 1771; x_wconf 85' lang='lat' dir='ltr'>nostrorum</span> <span class='ocrx_word' id='word_1_218' title='bbox 813 1709 894 1782; x_wconf 86' lang='lat' dir='ltr'>:qma</span> <span class='ocrx_word' id='word_1_219' title='bbox 911 1709 993 1768; x_wconf 89' lang='lat' dir='ltr'>hodie</span> <span class='ocrx_word' id='word_1_220' title='bbox 1007 1723 1056 1767; x_wconf 88' lang='lat' dir='ltr'>nn·</span> <span class='ocrx_word' id='word_1_221' title='bbox 1109 1714 1177 1773; x_wconf 88' lang='lat' dir='ltr'>rire.</span> <span class='ocrx_word' id='word_1_222' title='bbox 1188 1714 1243 1774; x_wconf 88' lang='lat' dir='ltr'>Sed</span> <span class='ocrx_word' id='word_1_223' title='bbox 1253 1729 1316 1772; x_wconf 92' lang='lat' dir='ltr'>cum</span> <span class='ocrx_word' id='word_1_224' title='bbox 1325 1714 1533 1787; x_wconf 82' lang='lat' dir='ltr'>uenissentejm</span> <span class='ocrx_word' id='word_1_225' title='bbox 1543 1715 1627 1773; x_wconf 89' lang='lat' dir='ltr'>duces</span> <span class='ocrx_word' id='word_1_226' title='bbox 1637 1729 1670 1772; x_wconf 90' lang='lat' dir='ltr'>ac</span> <span class='ocrx_word' id='word_1_227' title='bbox 1683 1716 1800 1787; x_wconf 91' lang='lat' dir='ltr'>tribuni,</span> <span class='ocrx_word' id='word_1_228' title='bbox 1814 1725 1842 1775; x_wconf 92' lang='lat' dir='ltr'>et</span> <span class='ocrx_word' id='word_1_229' title='bbox 1851 1717 1910 1774; x_wconf 89' lang='lat' dir='ltr'>uni·</span> 
     </span>
     <span class='ocr_line' id='line_1_17' title="bbox 257 1802 1911 1884; baseline -0.004 -12"><span class='ocrx_word' id='word_1_230' title='bbox 257 1831 321 1872; x_wconf 91' lang='lat' dir='ltr'>men</span> <span class='ocrx_word' id='word_1_231' title='bbox 335 1822 410 1871; x_wconf 93' lang='lat' dir='ltr'>tuum</span> <span class='ocrx_word' id='word_1_232' title='bbox 424 1813 461 1868; x_wconf 91' lang='lat' dir='ltr'>ita</span> <span class='ocrx_word' id='word_1_233' title='bbox 476 1809 670 1884; x_wconf 71' lang='lat' dir='ltr'>magnificavit,</span> <span class='ocrx_word' id='word_1_234' title='bbox 686 1818 717 1864; x_wconf 93' lang='lat' dir='ltr'>ut</span> <span class='ocrx_word' id='word_1_235' title='bbox 731 1821 787 1868; x_wconf 91' lang='lat' dir='ltr'>non</span> <span class='ocrx_word' id='word_1_236' title='bbox 800 1805 914 1864; x_wconf 88' lang='lat' dir='ltr'>recedat</span> <span class='ocrx_word' id='word_1_237' title='bbox 936 1803 996 1861; x_wconf 87' lang='lat' dir='ltr'>laus</span> <span class='ocrx_word' id='word_1_238' title='bbox 1011 1811 1056 1860; x_wconf 89' lang='lat' dir='ltr'>tua</span> <span class='ocrx_word' id='word_1_239' title='bbox 1071 1808 1097 1872; x_wconf 82' lang='grc' dir='ltr'><strong>Β</strong></span> <span class='ocrx_word' id='word_1_240' title='bbox 1110 1807 1185 1865; x_wconf 84' lang='lat' dir='ltr'>versi</span> <span class='ocrx_word' id='word_1_241' title='bbox 1199 1806 1319 1878; x_wconf 82' lang='lat' dir='ltr'>maiores</span> <span class='ocrx_word' id='word_1_242' title='bbox 1329 1807 1466 1865; x_wconf 86' lang='lat' dir='ltr'>exercitus</span> <span class='ocrx_word' id='word_1_243' title='bbox 1478 1802 1492 1845; x_wconf 80' lang='lat'>‘¹</span> <span class='ocrx_word' id='word_1_244' title='bbox 1502 1805 1773 1882; x_wconf 76' lang='lat' dir='ltr'>reqiadsspriorum,</span> <span class='ocrx_word' id='word_1_245' title='bbox 1781 1808 1911 1867; x_wconf 88' lang='lat' dir='ltr'>dixerunt</span> 
     </span>
     <span class='ocr_line' id='line_1_18' title="bbox 256 1895 1911 1974; baseline -0.003 -9"><span class='ocrx_word' id='word_1_246' title='bbox 256 1907 344 1965; x_wconf 87' lang='lat' dir='ltr'>deore</span> <span class='ocrx_word' id='word_1_247' title='bbox 353 1902 560 1974; x_wconf 86' lang='lat' dir='ltr'>hominum,qui</span> <span class='ocrx_word' id='word_1_248' title='bbox 570 1914 706 1958; x_wconf 91' lang='lat' dir='ltr'>memores</span> <span class='ocrx_word' id='word_1_249' title='bbox 718 1899 821 1958; x_wconf 86' lang='lat' dir='ltr'>luerint</span> <span class='ocrx_word' id='word_1_250' title='bbox 832 1897 943 1954; x_wconf 79' lang='lat' dir='ltr'>uirtutis</span> <span class='ocrx_word' id='word_1_251' title='bbox 951 1895 1058 1971; x_wconf 84' lang='lat' dir='ltr'>bomini</span> <span class='ocrx_word' id='word_1_252' title='bbox 1110 1896 1309 1958; x_wconf 87' lang='lat' dir='ltr'>cubicrdsriis:</span> <span class='ocrx_word' id='word_1_253' title='bbox 1332 1898 1452 1970; x_wconf 89' lang='lat' dir='ltr'>Intrate,</span> <span class='ocrx_word' id='word_1_254' title='bbox 1467 1906 1496 1956; x_wconf 89' lang='lat' dir='ltr'>et</span> <span class='ocrx_word' id='word_1_255' title='bbox 1518 1901 1637 1958; x_wconf 86' lang='lat' dir='ltr'>excitate</span> <span class='ocrx_word' id='word_1_256' title='bbox 1657 1900 1754 1969; x_wconf 89' lang='lat' dir='ltr'>illurn,</span> <span class='ocrx_word' id='word_1_257' title='bbox 1783 1902 1911 1974; x_wconf 90' lang='lat' dir='ltr'>quoniam</span> 
     </span>
     <span class='ocr_line' id='line_1_19' title="bbox 255 1988 1912 2068; baseline -0.004 -9"><span class='ocrx_word' id='word_1_258' title='bbox 255 2002 284 2059; x_wconf 92' lang='lat' dir='ltr'>in</span> <span class='ocrx_word' id='word_1_259' title='bbox 300 2009 444 2066; x_wconf 85' lang='lat' dir='ltr'>aeternum,</span> <span class='ocrx_word' id='word_1_260' title='bbox 464 2011 513 2068; x_wconf 88' lang='lat' dir='ltr'>pro</span> <span class='ocrx_word' id='word_1_261' title='bbox 534 1995 634 2068; x_wconf 84' lang='lat' dir='ltr'>quibus</span> <span class='ocrx_word' id='word_1_262' title='bbox 648 2007 702 2050; x_wconf 89' lang='lat' dir='ltr'>nou</span> <span class='ocrx_word' id='word_1_263' title='bbox 714 1989 863 2064; x_wconf 77' lang='lat' dir='ltr'>pepercisti</span> <span class='ocrx_word' id='word_1_264' title='bbox 877 1988 977 2047; x_wconf 76' lang='lat' dir='ltr'>animm</span> <span class='ocrx_word' id='word_1_265' title='bbox 990 1997 1058 2060; x_wconf 78' lang='grc' dir='ltr'><strong>ιιι,</strong></span> <span class='ocrx_word' id='word_1_266' title='bbox 1110 1993 1216 2066; x_wconf 71' lang='lat' dir='ltr'>egressi</span> <span class='ocrx_word' id='word_1_267' title='bbox 1230 2007 1321 2050; x_wconf 89' lang='lat' dir='ltr'>mures</span> <span class='ocrx_word' id='word_1_268' title='bbox 1335 1991 1372 2050; x_wconf 94' lang='lat' dir='ltr'>de</span> <span class='ocrx_word' id='word_1_269' title='bbox 1387 1993 1513 2051; x_wconf 79' lang='lat' dir='ltr'>cauernis</span> <span class='ocrx_word' id='word_1_270' title='bbox 1524 1993 1593 2063; x_wconf 91' lang='lat' dir='ltr'>suls,</span> <span class='ocrx_word' id='word_1_271' title='bbox 1610 1993 1670 2052; x_wconf 89' lang='lat' dir='ltr'>ausi</span> <span class='ocrx_word' id='word_1_272' title='bbox 1683 2001 1748 2052; x_wconf 91' lang='lat' dir='ltr'>suut</span> <span class='ocrx_word' id='word_1_273' title='bbox 1757 2008 1912 2066; x_wconf 81' lang='lat' dir='ltr'>prouocare</span> 
     </span>
     <span class='ocr_line' id='line_1_20' title="bbox 256 2083 1790 2166; baseline -0.007 -17"><span class='ocrx_word' id='word_1_274' title='bbox 256 2100 373 2166; x_wconf 89' lang='lat' dir='ltr'>propter</span> <span class='ocrx_word' id='word_1_275' title='bbox 385 2089 527 2161; x_wconf 72' lang='lat' dir='ltr'>angustias</span> <span class='ocrx_word' id='word_1_276' title='bbox 538 2097 567 2145; x_wconf 90' lang='lat' dir='ltr'>et</span> <span class='ocrx_word' id='word_1_277' title='bbox 578 2085 783 2143; x_wconf 84' lang='lat' dir='ltr'>tribulationem</span> <span class='ocrx_word' id='word_1_278' title='bbox 798 2083 909 2156; x_wconf 75' lang='lat' dir='ltr'>generis</span> <span class='ocrx_word' id='word_1_279' title='bbox 929 2083 986 2152; x_wconf 91' lang='lat' dir='ltr'>tui,</span> <span class='ocrx_word' id='word_1_280' title='bbox 1009 2083 1058 2140; x_wconf 92' lang='lat' dir='ltr'>sed</span> <span class='ocrx_word' id='word_1_281' title='bbox 1110 2100 1162 2143; x_wconf 88' lang='lat' dir='ltr'>nos</span> <span class='ocrx_word' id='word_1_282' title='bbox 1175 2084 1211 2141; x_wconf 93' lang='lat' dir='ltr'>ad</span> <span class='ocrx_word' id='word_1_283' title='bbox 1225 2085 1361 2160; x_wconf 76' lang='lat' dir='ltr'>proelium.</span> <span class='ocrx_word' id='word_1_284' title='bbox 1786 2120 1790 2128; x_wconf 81' lang='lat'><em>-</em></span> 
     </span>
     <span class='ocr_line' id='line_1_21' title="bbox 257 2176 1913 2253; baseline -0.004 -11"><span class='ocrx_word' id='word_1_285' title='bbox 257 2185 410 2244; x_wconf 74' lang='lat' dir='ltr'>subvenisti</span> <span class='ocrx_word' id='word_1_286' title='bbox 429 2183 519 2242; x_wconf 78' lang='lat' dir='ltr'>rulrraa</span> <span class='ocrx_word' id='word_1_287' title='bbox 539 2190 603 2240; x_wconf 89' lang='lat' dir='ltr'>ante</span> <span class='ocrx_word' id='word_1_288' title='bbox 622 2188 802 2253; x_wconf 84' lang='lat' dir='ltr'>conspectum</span> <span class='ocrx_word' id='word_1_289' title='bbox 825 2178 875 2238; x_wconf 84' lang='lat' dir='ltr'>Ilei</span> <span class='ocrx_word' id='word_1_290' title='bbox 897 2178 998 2237; x_wconf 87' lang='lat' dir='ltr'>nostri.</span> <span class='ocrx_word' id='word_1_291' title='bbox 1024 2177 1060 2236; x_wconf 82' lang='lat' dir='ltr'>Et</span> <span class='ocrx_word' id='word_1_292' title='bbox 1145 2177 1225 2234; x_wconf 81' lang='lat' dir='ltr'>&#39;lune</span> <span class='ocrx_word' id='word_1_293' title='bbox 1237 2176 1378 2248; x_wconf 74' lang='lat' dir='ltr'>ingressus</span> <span class='ocrx_word' id='word_1_294' title='bbox 1391 2177 1486 2250; x_wconf 71' lang='lat' dir='ltr'>vagao</span> <span class='ocrx_word' id='word_1_295' title='bbox 1497 2176 1655 2235; x_wconf 90' lang='lat' dir='ltr'>cubiculum</span> <span class='ocrx_word' id='word_1_296' title='bbox 1667 2176 1739 2250; x_wconf 80' lang='lat' dir='ltr'>eius,</span> <span class='ocrx_word' id='word_1_297' title='bbox 1755 2177 1838 2237; x_wconf 90' lang='lat' dir='ltr'>stetit</span> <span class='ocrx_word' id='word_1_298' title='bbox 1849 2185 1913 2236; x_wconf 90' lang='lat' dir='ltr'>ante</span> 
     </span>
     <span class='ocr_line' id='line_1_22' title="bbox 257 2268 1914 2350; baseline -0.007 -13"><span class='ocrx_word' id='word_1_299' title='bbox 257 2277 329 2337; x_wconf 90' lang='lat' dir='ltr'>dixit</span> <span class='ocrx_word' id='word_1_300' title='bbox 340 2279 431 2336; x_wconf 92' lang='lat' dir='ltr'>omnis</span> <span class='ocrx_word' id='word_1_301' title='bbox 445 2278 562 2350; x_wconf 90' lang='lat' dir='ltr'>populus</span> <span class='ocrx_word' id='word_1_302' title='bbox 576 2292 584 2332; x_wconf 77' lang='grc' dir='ltr'>ι</span> <span class='ocrx_word' id='word_1_303' title='bbox 600 2276 673 2343; x_wconf 81' lang='lat' dir='ltr'>Fiat,</span> <span class='ocrx_word' id='word_1_304' title='bbox 687 2273 746 2332; x_wconf 87' lang='lat' dir='ltr'>liat.</span> <span class='ocrx_word' id='word_1_305' title='bbox 1110 2268 1257 2339; x_wconf 83' lang='lat' dir='ltr'>cortinam,</span> <span class='ocrx_word' id='word_1_306' title='bbox 1271 2276 1300 2326; x_wconf 90' lang='lat' dir='ltr'>et</span> <span class='ocrx_word' id='word_1_307' title='bbox 1310 2269 1436 2341; x_wconf 84' lang='lat' dir='ltr'>plausum</span> <span class='ocrx_word' id='word_1_308' title='bbox 1447 2269 1512 2328; x_wconf 84' lang='lat' dir='ltr'>lecit</span> <span class='ocrx_word' id='word_1_309' title='bbox 1521 2270 1648 2328; x_wconf 86' lang='lat' dir='ltr'>manibus</span> <span class='ocrx_word' id='word_1_310' title='bbox 1657 2269 1716 2328; x_wconf 89' lang='lat' dir='ltr'>suls</span> <span class='ocrx_word' id='word_1_311' title='bbox 1731 2269 1914 2344; x_wconf 85' lang='lat' dir='ltr'>:suspicaba-</span> 
     </span>
     <span class='ocr_line' id='line_1_23' title="bbox 293 2360 1911 2436; baseline -0.006 -6"><span class='ocrx_word' id='word_1_312' title='bbox 293 2373 381 2430; x_wconf 88' lang='lat' dir='ltr'>Porro</span> <span class='ocrx_word' id='word_1_313' title='bbox 402 2369 506 2430; x_wconf 79' lang='lat' dir='ltr'>dclrior</span> <span class='ocrx_word' id='word_1_314' title='bbox 521 2377 637 2428; x_wconf 83' lang='lat' dir='ltr'>vocatus</span> <span class='ocrx_word' id='word_1_315' title='bbox 658 2368 742 2436; x_wconf 83' lang='lat' dir='ltr'>venit,</span> <span class='ocrx_word' id='word_1_316' title='bbox 756 2373 785 2424; x_wconf 89' lang='lat' dir='ltr'>et</span> <span class='ocrx_word' id='word_1_317' title='bbox 798 2365 868 2424; x_wconf 85' lang='lat' dir='ltr'>dixit</span> <span class='ocrx_word' id='word_1_318' title='bbox 889 2364 916 2423; x_wconf 91' lang='lat' dir='ltr'>ei</span> <span class='ocrx_word' id='word_1_319' title='bbox 938 2363 1036 2424; x_wconf 78' lang='lat' dir='ltr'>luditis</span> <span class='ocrx_word' id='word_1_320' title='bbox 1049 2380 1058 2423; x_wconf 83' lang='lat' dir='ltr'>a</span> <span class='ocrx_word' id='word_1_321' title='bbox 1110 2367 1154 2419; x_wconf 92' lang='lat' dir='ltr'>tur</span> <span class='ocrx_word' id='word_1_322' title='bbox 1167 2362 1241 2419; x_wconf 89' lang='lat' dir='ltr'>enim</span> <span class='ocrx_word' id='word_1_323' title='bbox 1255 2360 1406 2434; x_wconf 91' lang='lat' dir='ltr'>illumcum</span> <span class='ocrx_word' id='word_1_324' title='bbox 1416 2362 1510 2420; x_wconf 88' lang='lat' dir='ltr'>luditlr</span> <span class='ocrx_word' id='word_1_325' title='bbox 1521 2363 1651 2422; x_wconf 86' lang='lat' dir='ltr'>dormire.</span> <span class='ocrx_word' id='word_1_326' title='bbox 1664 2364 1719 2422; x_wconf 87' lang='lat' dir='ltr'>Sed</span> <span class='ocrx_word' id='word_1_327' title='bbox 1728 2380 1795 2422; x_wconf 89' lang='lat' dir='ltr'>cum</span> <span class='ocrx_word' id='word_1_328' title='bbox 1806 2365 1911 2424; x_wconf 88' lang='lat' dir='ltr'>nullum</span> 
     </span>
     <span class='ocr_line' id='line_1_24' title="bbox 243 2455 1914 2532; baseline -0.003 -12"><span class='ocrx_word' id='word_1_329' title='bbox 243 2462 331 2520; x_wconf 76' lang='lat' dir='ltr'>bem</span> <span class='ocrx_word' id='word_1_330' title='bbox 355 2462 452 2531; x_wconf 83' lang='lat' dir='ltr'>lsrael,</span> <span class='ocrx_word' id='word_1_331' title='bbox 467 2462 510 2519; x_wconf 91' lang='lat' dir='ltr'>cui</span> <span class='ocrx_word' id='word_1_332' title='bbox 536 2469 566 2518; x_wconf 94' lang='lat' dir='ltr'>tu</span> <span class='ocrx_word' id='word_1_333' title='bbox 579 2460 764 2518; x_wconf 88' lang='lat' dir='ltr'>testimonium</span> <span class='ocrx_word' id='word_1_334' title='bbox 779 2457 878 2516; x_wconf 90' lang='lat' dir='ltr'>dedisti</span> <span class='ocrx_word' id='word_1_335' title='bbox 893 2455 964 2530; x_wconf 91' lang='lat' dir='ltr'>qnod</span> <span class='ocrx_word' id='word_1_336' title='bbox 978 2458 1060 2515; x_wconf 89' lang='lat' dir='ltr'>ulcis·</span> <span class='ocrx_word' id='word_1_337' title='bbox 1110 2464 1215 2514; x_wconf 90' lang='lat' dir='ltr'>motum</span> <span class='ocrx_word' id='word_1_338' title='bbox 1227 2455 1345 2528; x_wconf 78' lang='lat' dir='ltr'>iacentis</span> <span class='ocrx_word' id='word_1_339' title='bbox 1356 2471 1439 2513; x_wconf 90' lang='lat' dir='ltr'>sensu</span> <span class='ocrx_word' id='word_1_340' title='bbox 1452 2457 1564 2516; x_wconf 89' lang='lat' dir='ltr'>aurium</span> <span class='ocrx_word' id='word_1_341' title='bbox 1584 2467 1708 2532; x_wconf 88' lang='lat' dir='ltr'>caperet,</span> <span class='ocrx_word' id='word_1_342' title='bbox 1718 2459 1840 2518; x_wconf 88' lang='lat' dir='ltr'>accessit</span> <span class='ocrx_word' id='word_1_343' title='bbox 1851 2473 1914 2531; x_wconf 91' lang='lat' dir='ltr'>pro·</span> 
     </span>
     <span class='ocr_line' id='line_1_25' title="bbox 258 2547 1914 2626; baseline -0.003 -14"><span class='ocrx_word' id='word_1_344' title='bbox 258 2564 337 2613; x_wconf 89' lang='lat' dir='ltr'>catur</span> <span class='ocrx_word' id='word_1_345' title='bbox 352 2570 384 2614; x_wconf 88' lang='lat' dir='ltr'>so</span> <span class='ocrx_word' id='word_1_346' title='bbox 396 2555 432 2612; x_wconf 90' lang='lat' dir='ltr'>dc</span> <span class='ocrx_word' id='word_1_347' title='bbox 446 2554 564 2612; x_wconf 88' lang='lat' dir='ltr'>inimicis</span> <span class='ocrx_word' id='word_1_348' title='bbox 578 2552 647 2625; x_wconf 87' lang='lat' dir='ltr'>suis,</span> <span class='ocrx_word' id='word_1_349' title='bbox 661 2553 720 2626; x_wconf 87' lang='lat' dir='ltr'>ipse</span> <span class='ocrx_word' id='word_1_350' title='bbox 730 2559 813 2624; x_wconf 89' lang='lat' dir='ltr'>caput</span> <span class='ocrx_word' id='word_1_351' title='bbox 827 2551 949 2610; x_wconf 86' lang='lat' dir='ltr'>omnium</span> <span class='ocrx_word' id='word_1_352' title='bbox 967 2549 1059 2610; x_wconf 87' lang='lat' dir='ltr'>incre·</span> <span class='ocrx_word' id='word_1_353' title='bbox 1110 2548 1219 2606; x_wconf 88' lang='lat' dir='ltr'>ximans</span> <span class='ocrx_word' id='word_1_354' title='bbox 1230 2547 1266 2604; x_wconf 92' lang='lat' dir='ltr'>ad</span> <span class='ocrx_word' id='word_1_355' title='bbox 1279 2547 1435 2618; x_wconf 89' lang='lat' dir='ltr'>cortinam,</span> <span class='ocrx_word' id='word_1_356' title='bbox 1450 2559 1478 2607; x_wconf 92' lang='lat' dir='ltr'>et</span> <span class='ocrx_word' id='word_1_357' title='bbox 1505 2550 1617 2607; x_wconf 82' lang='lat' dir='ltr'>elevans</span> <span class='ocrx_word' id='word_1_358' title='bbox 1643 2565 1705 2608; x_wconf 88' lang='lat' dir='ltr'>earu</span> <span class='ocrx_word' id='word_1_359' title='bbox 1721 2590 1733 2621; x_wconf 91' lang='lat'>,</span> <span class='ocrx_word' id='word_1_360' title='bbox 1761 2551 1914 2622; x_wconf 84' lang='lat' dir='ltr'>vidensque</span> 
     </span>
     <span class='ocr_line' id='line_1_26' title="bbox 256 2641 1914 2716; baseline -0.003 -12"><span class='ocrx_word' id='word_1_361' title='bbox 256 2647 388 2706; x_wconf 86' lang='lat' dir='ltr'>dolorum</span> <span class='ocrx_word' id='word_1_362' title='bbox 401 2646 497 2704; x_wconf 90' lang='lat' dir='ltr'>incidit</span> <span class='ocrx_word' id='word_1_363' title='bbox 511 2643 565 2704; x_wconf 87' lang='lat' dir='ltr'>bac</span> <span class='ocrx_word' id='word_1_364' title='bbox 576 2652 657 2703; x_wconf 89' lang='lat' dir='ltr'>nocte</span> <span class='ocrx_word' id='word_1_365' title='bbox 671 2646 698 2701; x_wconf 91' lang='lat' dir='ltr'>in</span> <span class='ocrx_word' id='word_1_366' title='bbox 713 2660 796 2702; x_wconf 88' lang='lat' dir='ltr'>manu</span> <span class='ocrx_word' id='word_1_367' title='bbox 819 2657 890 2702; x_wconf 87' lang='lat' dir='ltr'>mea.</span> <span class='ocrx_word' id='word_1_368' title='bbox 905 2644 940 2702; x_wconf 84' lang='lat' dir='ltr'>Et</span> <span class='ocrx_word' id='word_1_369' title='bbox 953 2650 981 2702; x_wconf 93' lang='lat' dir='ltr'>ut</span> <span class='ocrx_word' id='word_1_370' title='bbox 995 2659 1061 2716; x_wconf 92' lang='lat' dir='ltr'>pro·</span> <span class='ocrx_word' id='word_1_371' title='bbox 1110 2641 1229 2699; x_wconf 87' lang='lat' dir='ltr'>cadauer</span> <span class='ocrx_word' id='word_1_372' title='bbox 1253 2641 1358 2713; x_wconf 83' lang='lat' dir='ltr'>absque</span> <span class='ocrx_word' id='word_1_373' title='bbox 1377 2643 1467 2714; x_wconf 91' lang='lat' dir='ltr'>capite</span> <span class='ocrx_word' id='word_1_374' title='bbox 1495 2641 1654 2700; x_wconf 87' lang='lat' dir='ltr'>llolnlernis</span> <span class='ocrx_word' id='word_1_375' title='bbox 1692 2643 1723 2701; x_wconf 92' lang='lat' dir='ltr'>in</span> <span class='ocrx_word' id='word_1_376' title='bbox 1760 2655 1815 2701; x_wconf 90' lang='grc' dir='ltr'>ιιι</span> <span class='ocrx_word' id='word_1_377' title='bbox 1847 2656 1914 2700; x_wconf 86' lang='lat' dir='ltr'>san·</span> 
     </span>
     <span class='ocr_line' id='line_1_27' title="bbox 257 2731 1916 2812; baseline -0.005 -15"><span class='ocrx_word' id='word_1_378' title='bbox 257 2740 307 2797; x_wconf 88' lang='lat' dir='ltr'>bes</span> <span class='ocrx_word' id='word_1_379' title='bbox 322 2741 386 2812; x_wconf 83' lang='lat' dir='ltr'>quia</span> <span class='ocrx_word' id='word_1_380' title='bbox 408 2740 445 2794; x_wconf 91' lang='lat' dir='ltr'>ita</span> <span class='ocrx_word' id='word_1_381' title='bbox 462 2747 517 2808; x_wconf 88' lang='lat' dir='ltr'>est,</span> <span class='ocrx_word' id='word_1_382' title='bbox 529 2752 595 2797; x_wconf 90' lang='lat' dir='ltr'>eece</span> <span class='ocrx_word' id='word_1_383' title='bbox 609 2747 690 2810; x_wconf 87' lang='lat' dir='ltr'>caput</span> <span class='ocrx_word' id='word_1_384' title='bbox 705 2736 874 2801; x_wconf 85' lang='lat' dir='ltr'>llololernis,</span> <span class='ocrx_word' id='word_1_385' title='bbox 889 2736 936 2808; x_wconf 92' lang='lat' dir='ltr'>qui</span> <span class='ocrx_word' id='word_1_386' title='bbox 951 2737 980 2792; x_wconf 93' lang='lat' dir='ltr'>in</span> <span class='ocrx_word' id='word_1_387' title='bbox 991 2749 1059 2792; x_wconf 82' lang='grc' dir='ltr'><strong>ιιι·</strong></span> <span class='ocrx_word' id='word_1_388' title='bbox 1112 2733 1197 2806; x_wconf 77' lang='lat' dir='ltr'>quiue</span> <span class='ocrx_word' id='word_1_389' title='bbox 1212 2731 1377 2793; x_wconf 89' lang='lat' dir='ltr'>tabelactum</span> <span class='ocrx_word' id='word_1_390' title='bbox 1398 2734 1493 2806; x_wconf 85' lang='lat' dir='ltr'>jacere</span> <span class='ocrx_word' id='word_1_391' title='bbox 1510 2749 1594 2807; x_wconf 86' lang='lat' dir='ltr'>super</span> <span class='ocrx_word' id='word_1_392' title='bbox 1612 2742 1732 2801; x_wconf 85' lang='lat' dir='ltr'>terram,</span> <span class='ocrx_word' id='word_1_393' title='bbox 1745 2732 1916 2791; x_wconf 85' lang='lat' dir='ltr'>exclamauit</span> 
     </span>
     <span class='ocr_line' id='line_1_28' title="bbox 256 2817 1917 2905; baseline -0.004 -17"><span class='ocrx_word' id='word_1_394' title='bbox 256 2817 510 2903; x_wconf 79' lang='lat' dir='ltr'>tompm&#39;superbiae</span> <span class='ocrx_word' id='word_1_395' title='bbox 519 2844 578 2888; x_wconf 77' lang='grc' dir='ltr'>ιιι</span> <span class='ocrx_word' id='word_1_396' title='bbox 590 2831 675 2888; x_wconf 85' lang='lat' dir='ltr'>benur</span> <span class='ocrx_word' id='word_1_397' title='bbox 688 2829 772 2886; x_wconf 89' lang='lat' dir='ltr'>lsrael</span> <span class='ocrx_word' id='word_1_398' title='bbox 782 2828 958 2899; x_wconf 80' lang='lat' dir='ltr'>contempsit,</span> <span class='ocrx_word' id='word_1_399' title='bbox 969 2835 998 2885; x_wconf 90' lang='lat' dir='ltr'>et</span> <span class='ocrx_word' id='word_1_400' title='bbox 1010 2827 1060 2886; x_wconf 92' lang='lat' dir='ltr'>tibi</span> <span class='ocrx_word' id='word_1_401' title='bbox 1113 2844 1184 2890; x_wconf 80' lang='lat' dir='ltr'>uoce</span> <span class='ocrx_word' id='word_1_402' title='bbox 1197 2846 1296 2905; x_wconf 78' lang='lat' dir='ltr'>maqna</span> <span class='ocrx_word' id='word_1_403' title='bbox 1320 2845 1384 2889; x_wconf 88' lang='lat' dir='ltr'>cnm</span> <span class='ocrx_word' id='word_1_404' title='bbox 1398 2831 1476 2898; x_wconf 80' lang='lat' dir='ltr'>fletu,</span> <span class='ocrx_word' id='word_1_405' title='bbox 1491 2837 1520 2886; x_wconf 89' lang='lat' dir='ltr'>ct</span> <span class='ocrx_word' id='word_1_406' title='bbox 1529 2828 1613 2886; x_wconf 90' lang='lat' dir='ltr'>scidit</span> <span class='ocrx_word' id='word_1_407' title='bbox 1624 2827 1790 2884; x_wconf 80' lang='lat' dir='ltr'>uestimenta</span> <span class='ocrx_word' id='word_1_408' title='bbox 1803 2839 1864 2883; x_wconf 91' lang='lat' dir='ltr'>sus.</span> <span class='ocrx_word' id='word_1_409' title='bbox 1880 2825 1917 2883; x_wconf 86' lang='lat' dir='ltr'>Et</span> 
     </span>
     <span class='ocr_line' id='line_1_29' title="bbox 256 2917 1917 2995; baseline -0.005 -13"><span class='ocrx_word' id='word_1_410' title='bbox 256 2923 398 2983; x_wconf 86' lang='lat' dir='ltr'>interitum</span> <span class='ocrx_word' id='word_1_411' title='bbox 425 2923 601 2990; x_wconf 81' lang='lat' dir='ltr'>minabatur,</span> <span class='ocrx_word' id='word_1_412' title='bbox 623 2921 718 2980; x_wconf 90' lang='lat' dir='ltr'>dicens</span> <span class='ocrx_word' id='word_1_413' title='bbox 738 2937 746 2980; x_wconf 76' lang='grc' dir='ltr'>ι</span> <span class='ocrx_word' id='word_1_414' title='bbox 766 2919 834 2976; x_wconf 87' lang='lat' dir='ltr'>Cum</span> <span class='ocrx_word' id='word_1_415' title='bbox 859 2929 955 2992; x_wconf 87' lang='lat' dir='ltr'>captus</span> <span class='ocrx_word' id='word_1_416' title='bbox 978 2920 1061 2978; x_wconf 86' lang='lat' dir='ltr'>luerit</span> <span class='ocrx_word' id='word_1_417' title='bbox 1112 2922 1252 2995; x_wconf 68' lang='lat' dir='ltr'>ingressus</span> <span class='ocrx_word' id='word_1_418' title='bbox 1267 2917 1593 2987; x_wconf 84' lang='lat' dir='ltr'>tabernaculumluditb,</span> <span class='ocrx_word' id='word_1_419' title='bbox 1607 2933 1664 2975; x_wconf 91' lang='lat' dir='ltr'>nou</span> <span class='ocrx_word' id='word_1_420' title='bbox 1680 2917 1873 2985; x_wconf 88' lang='lat' dir='ltr'>iureniteam‚</span> <span class='ocrx_word' id='word_1_421' title='bbox 1887 2923 1917 2974; x_wconf 94' lang='lat' dir='ltr'>et</span> 
     </span>
     <span class='ocr_line' id='line_1_30' title="bbox 257 3006 1915 3088; baseline -0.004 -16"><span class='ocrx_word' id='word_1_422' title='bbox 257 3015 376 3088; x_wconf 88' lang='lat' dir='ltr'>populus</span> <span class='ocrx_word' id='word_1_423' title='bbox 394 3013 495 3082; x_wconf 84' lang='lat' dir='ltr'>lsrael,</span> <span class='ocrx_word' id='word_1_424' title='bbox 520 3013 610 3086; x_wconf 79' lang='lat' dir='ltr'>gladio</span> <span class='ocrx_word' id='word_1_425' title='bbox 635 3012 768 3086; x_wconf 77' lang='lat' dir='ltr'>perforari</span> <span class='ocrx_word' id='word_1_426' title='bbox 791 3011 948 3084; x_wconf 77' lang='lat' dir='ltr'>precipiam</span> <span class='ocrx_word' id='word_1_427' title='bbox 972 3013 1060 3072; x_wconf 90' lang='lat' dir='ltr'>latera</span> <span class='ocrx_word' id='word_1_428' title='bbox 1112 3013 1216 3072; x_wconf 80' lang='lat' dir='ltr'>exsiliit</span> <span class='ocrx_word' id='word_1_429' title='bbox 1228 3011 1302 3070; x_wconf 88' lang='lat' dir='ltr'>loras</span> <span class='ocrx_word' id='word_1_430' title='bbox 1310 3012 1346 3070; x_wconf 91' lang='lat' dir='ltr'>ad</span> <span class='ocrx_word' id='word_1_431' title='bbox 1358 3010 1502 3083; x_wconf 91' lang='lat' dir='ltr'>populum,</span> <span class='ocrx_word' id='word_1_432' title='bbox 1514 3017 1543 3067; x_wconf 94' lang='lat' dir='ltr'>et</span> <span class='ocrx_word' id='word_1_433' title='bbox 1553 3008 1622 3066; x_wconf 90' lang='lat' dir='ltr'>dixit</span> <span class='ocrx_word' id='word_1_434' title='bbox 1638 3026 1646 3067; x_wconf 80' lang='lat' dir='ltr'>a</span> <span class='ocrx_word' id='word_1_435' title='bbox 1661 3007 1720 3067; x_wconf 88' lang='lat' dir='ltr'>llna</span> <span class='ocrx_word' id='word_1_436' title='bbox 1734 3006 1838 3066; x_wconf 88' lang='lat' dir='ltr'>mulier</span> <span class='ocrx_word' id='word_1_437' title='bbox 1859 3008 1915 3065; x_wconf 90' lang='lat' dir='ltr'>lle·</span> 
     </span>
     <span class='ocr_line' id='line_1_31' title="bbox 256 3101 1917 3178; baseline -0.004 -14"><span class='ocrx_word' id='word_1_438' title='bbox 256 3113 315 3164; x_wconf 91' lang='lat' dir='ltr'>tua.</span> <span class='ocrx_word' id='word_1_439' title='bbox 344 3105 448 3164; x_wconf 80' lang='lat' dir='ltr'>videns</span> <span class='ocrx_word' id='word_1_440' title='bbox 462 3112 552 3162; x_wconf 89' lang='lat' dir='ltr'>autem</span> <span class='ocrx_word' id='word_1_441' title='bbox 563 3104 665 3163; x_wconf 81' lang='lat' dir='ltr'>dclrior</span> <span class='ocrx_word' id='word_1_442' title='bbox 677 3113 760 3177; x_wconf 91' lang='lat' dir='ltr'>caput</span> <span class='ocrx_word' id='word_1_443' title='bbox 772 3102 942 3173; x_wconf 85' lang='lat' dir='ltr'>llolnlernis,</span> <span class='ocrx_word' id='word_1_444' title='bbox 959 3119 1060 3178; x_wconf 72' lang='lat' dir='ltr'>anqus-</span> <span class='ocrx_word' id='word_1_445' title='bbox 1111 3107 1186 3166; x_wconf 90' lang='lat' dir='ltr'>braea</span> <span class='ocrx_word' id='word_1_446' title='bbox 1201 3106 1267 3164; x_wconf 90' lang='lat' dir='ltr'>lecit</span> <span class='ocrx_word' id='word_1_447' title='bbox 1276 3106 1464 3163; x_wconf 83' lang='lat' dir='ltr'>contusionem</span> <span class='ocrx_word' id='word_1_448' title='bbox 1477 3103 1505 3160; x_wconf 91' lang='lat' dir='ltr'>in</span> <span class='ocrx_word' id='word_1_449' title='bbox 1514 3101 1597 3160; x_wconf 83' lang='lat' dir='ltr'>donno</span> <span class='ocrx_word' id='word_1_450' title='bbox 1608 3103 1683 3175; x_wconf 71' lang='lat' dir='ltr'>repis</span> <span class='ocrx_word' id='word_1_451' title='bbox 1696 3101 1917 3162; x_wconf 76' lang='lat' dir='ltr'>Nabuchodono</span> 
     </span>
     <span class='ocr_line' id='line_1_32' title="bbox 256 3194 1917 3270; baseline -0.003 -14"><span class='ocrx_word' id='word_1_452' title='bbox 256 3198 340 3256; x_wconf 86' lang='lat' dir='ltr'>tintus</span> <span class='ocrx_word' id='word_1_453' title='bbox 353 3211 537 3270; x_wconf 82' lang='lat' dir='ltr'>praepavore,</span> <span class='ocrx_word' id='word_1_454' title='bbox 550 3195 649 3254; x_wconf 88' lang='lat' dir='ltr'>cecidit</span> <span class='ocrx_word' id='word_1_455' title='bbox 664 3197 692 3270; x_wconf 80' lang='lat' dir='ltr'>in</span> <span class='ocrx_word' id='word_1_456' title='bbox 706 3195 804 3254; x_wconf 85' lang='lat' dir='ltr'>luciam</span> <span class='ocrx_word' id='word_1_457' title='bbox 815 3211 893 3254; x_wconf 90' lang='lat' dir='ltr'>suam</span> <span class='ocrx_word' id='word_1_458' title='bbox 906 3212 989 3270; x_wconf 88' lang='lat' dir='ltr'>super</span> <span class='ocrx_word' id='word_1_459' title='bbox 999 3194 1094 3259; x_wconf 87' lang='lat' dir='ltr'>ter-C</span> <span class='ocrx_word' id='word_1_460' title='bbox 1111 3217 1177 3261; x_wconf 83' lang='lat' dir='ltr'>sor:</span> <span class='ocrx_word' id='word_1_461' title='bbox 1192 3215 1258 3259; x_wconf 91' lang='lat' dir='ltr'>ecce</span> <span class='ocrx_word' id='word_1_462' title='bbox 1270 3199 1344 3258; x_wconf 88' lang='lat' dir='ltr'>enim</span> <span class='ocrx_word' id='word_1_463' title='bbox 1358 3196 1521 3256; x_wconf 90' lang='lat' dir='ltr'>llolnlernes</span> <span class='ocrx_word' id='word_1_464' title='bbox 1532 3196 1607 3270; x_wconf 81' lang='lat' dir='ltr'>iacet</span> <span class='ocrx_word' id='word_1_465' title='bbox 1619 3195 1647 3254; x_wconf 89' lang='lat' dir='ltr'>in</span> <span class='ocrx_word' id='word_1_466' title='bbox 1661 3203 1755 3266; x_wconf 88' lang='lat' dir='ltr'>terra,</span> <span class='ocrx_word' id='word_1_467' title='bbox 1779 3206 1810 3254; x_wconf 91' lang='lat' dir='ltr'>et</span> <span class='ocrx_word' id='word_1_468' title='bbox 1832 3204 1917 3268; x_wconf 85' lang='lat' dir='ltr'>caput</span> 
     </span>
    </p>
   </div>
   <div class='ocr_carea' id='block_1_3' title="bbox 256 3286 1063 4388">
    <p class='ocr_par' dir='ltr' id='par_1_3' title="bbox 256 3286 1063 4388">
     <span class='ocr_line' id='line_1_33' title="bbox 256 3286 1058 3364; baseline -0.001 -16"><span class='ocrx_word' id='word_1_469' title='bbox 256 3305 331 3357; x_wconf 84' lang='lat' dir='ltr'>ram,</span> <span class='ocrx_word' id='word_1_470' title='bbox 355 3298 384 3347; x_wconf 93' lang='lat' dir='ltr'>et</span> <span class='ocrx_word' id='word_1_471' title='bbox 407 3287 533 3345; x_wconf 67' lang='lat' dir='ltr'>aestuarit</span> <span class='ocrx_word' id='word_1_472' title='bbox 543 3288 634 3345; x_wconf 91' lang='lat' dir='ltr'>anima</span> <span class='ocrx_word' id='word_1_473' title='bbox 653 3286 735 3360; x_wconf 78' lang='lat' dir='ltr'>ejus3</span> <span class='ocrx_word' id='word_1_474' title='bbox 757 3297 853 3361; x_wconf 88' lang='lat' dir='ltr'>postea</span> <span class='ocrx_word' id='word_1_475' title='bbox 875 3303 941 3347; x_wconf 84' lang='lat' dir='ltr'>vero</span> <span class='ocrx_word' id='word_1_476' title='bbox 964 3301 1058 3364; x_wconf 89' lang='lat' dir='ltr'>quam,</span> 
     </span>
     <span class='ocr_line' id='line_1_34' title="bbox 258 3378 1060 3456; baseline 0.005 -18"><span class='ocrx_word' id='word_1_477' title='bbox 258 3389 403 3453; x_wconf 76' lang='lat' dir='ltr'>resumpto</span> <span class='ocrx_word' id='word_1_478' title='bbox 424 3380 533 3453; x_wconf 87' lang='lat' dir='ltr'>spiritu,</span> <span class='ocrx_word' id='word_1_479' title='bbox 557 3389 697 3438; x_wconf 74' lang='lat' dir='ltr'>mercatus</span> <span class='ocrx_word' id='word_1_480' title='bbox 712 3389 765 3451; x_wconf 88' lang='lat' dir='ltr'>est,</span> <span class='ocrx_word' id='word_1_481' title='bbox 788 3378 904 3453; x_wconf 87' lang='lat' dir='ltr'>procidit</span> <span class='ocrx_word' id='word_1_482' title='bbox 925 3383 960 3440; x_wconf 89' lang='lat' dir='ltr'>ad</span> <span class='ocrx_word' id='word_1_483' title='bbox 974 3385 1060 3456; x_wconf 84' lang='lat' dir='ltr'>pedes</span> 
     </span>
     <span class='ocr_line' id='line_1_35' title="bbox 259 3475 1062 3546; baseline 0.005 -16"><span class='ocrx_word' id='word_1_484' title='bbox 259 3475 330 3546; x_wconf 74' lang='grc' dir='ltr'><strong>ιῙιι,</strong></span> <span class='ocrx_word' id='word_1_485' title='bbox 341 3483 370 3532; x_wconf 84' lang='grc' dir='ltr'>ιι</span> <span class='ocrx_word' id='word_1_486' title='bbox 380 3475 505 3533; x_wconf 84' lang='lat' dir='ltr'>adorauit</span> <span class='ocrx_word' id='word_1_487' title='bbox 515 3491 588 3546; x_wconf 88' lang='lat' dir='ltr'>eam,</span> <span class='ocrx_word' id='word_1_488' title='bbox 611 3483 641 3532; x_wconf 92' lang='lat' dir='ltr'>et</span> <span class='ocrx_word' id='word_1_489' title='bbox 654 3475 724 3533; x_wconf 84' lang='lat' dir='ltr'>dixit</span> <span class='ocrx_word' id='word_1_490' title='bbox 738 3494 746 3534; x_wconf 79' lang='lat' dir='ltr'>r</span> <span class='ocrx_word' id='word_1_491' title='bbox 761 3477 910 3535; x_wconf 83' lang='lat' dir='ltr'>Benedicta</span> <span class='ocrx_word' id='word_1_492' title='bbox 924 3487 956 3534; x_wconf 94' lang='lat' dir='ltr'>tu</span> <span class='ocrx_word' id='word_1_493' title='bbox 975 3477 1062 3534; x_wconf 83' lang='lat' dir='ltr'>allen</span> 
     </span>
     <span class='ocr_line' id='line_1_36' title="bbox 259 3565 1061 3640; baseline 0.004 -18"><span class='ocrx_word' id='word_1_494' title='bbox 259 3574 308 3623; x_wconf 92' lang='lat' dir='ltr'>tuo</span> <span class='ocrx_word' id='word_1_495' title='bbox 331 3567 359 3623; x_wconf 92' lang='lat' dir='ltr'>in</span> <span class='ocrx_word' id='word_1_496' title='bbox 382 3567 458 3624; x_wconf 92' lang='lat' dir='ltr'>omni</span> <span class='ocrx_word' id='word_1_497' title='bbox 480 3565 765 3638; x_wconf 85' lang='lat' dir='ltr'>tabernaculolaoob,</span> <span class='ocrx_word' id='word_1_498' title='bbox 787 3569 916 3640; x_wconf 90' lang='lat' dir='ltr'>quoniam</span> <span class='ocrx_word' id='word_1_499' title='bbox 943 3567 1061 3625; x_wconf 91' lang='lat' dir='ltr'>inomni</span> 
     </span>
     <span class='ocr_line' id='line_1_37' title="bbox 259 3659 1061 3735; baseline 0.005 -19"><span class='ocrx_word' id='word_1_500' title='bbox 259 3667 353 3730; x_wconf 70' lang='lat' dir='ltr'>gente,</span> <span class='ocrx_word' id='word_1_501' title='bbox 367 3673 429 3729; x_wconf 74' lang='lat' dir='ltr'>quac</span> <span class='ocrx_word' id='word_1_502' title='bbox 443 3660 561 3717; x_wconf 87' lang='lat' dir='ltr'>audierit</span> <span class='ocrx_word' id='word_1_503' title='bbox 571 3675 671 3718; x_wconf 90' lang='lat' dir='ltr'>nomeu</span> <span class='ocrx_word' id='word_1_504' title='bbox 683 3669 771 3730; x_wconf 92' lang='lat' dir='ltr'>tuum,</span> <span class='ocrx_word' id='word_1_505' title='bbox 784 3659 1001 3735; x_wconf 80' lang='lat' dir='ltr'>maqnidcabitur</span> <span class='ocrx_word' id='word_1_506' title='bbox 1013 3677 1061 3720; x_wconf 91' lang='lat' dir='ltr'>su·</span> 
     </span>
     <span class='ocr_line' id='line_1_38' title="bbox 259 3750 544 3819; baseline 0.004 -13"><span class='ocrx_word' id='word_1_507' title='bbox 259 3763 311 3819; x_wconf 90' lang='lat' dir='ltr'>per</span> <span class='ocrx_word' id='word_1_508' title='bbox 323 3758 350 3806; x_wconf 92' lang='lat' dir='ltr'>tc</span> <span class='ocrx_word' id='word_1_509' title='bbox 365 3750 437 3807; x_wconf 81' lang='lat' dir='ltr'>licus</span> <span class='ocrx_word' id='word_1_510' title='bbox 448 3750 544 3807; x_wconf 85' lang='lat' dir='ltr'>lsrael.</span> 
     </span>
     <span class='ocr_line' id='line_1_39' title="bbox 297 3840 1061 3923; baseline 0.016 -27"><span class='ocrx_word' id='word_1_511' title='bbox 297 3840 1061 3923; x_wconf 66' lang='lat' dir='ltr'>[Capilli]Dixitautcmlnditlradomnempopulum:</span> 
     </span>
     <span class='ocr_line' id='line_1_40' title="bbox 261 3933 1063 4016; baseline 0.014 -26"><span class='ocrx_word' id='word_1_512' title='bbox 261 3933 360 3992; x_wconf 82' lang='lat' dir='ltr'>dudite</span> <span class='ocrx_word' id='word_1_513' title='bbox 375 3952 428 4002; x_wconf 91' lang='lat' dir='ltr'>me,</span> <span class='ocrx_word' id='word_1_514' title='bbox 442 3938 550 4008; x_wconf 86' lang='lat' dir='ltr'>iratres,</span> <span class='ocrx_word' id='word_1_515' title='bbox 565 3941 724 4012; x_wconf 89' lang='lat' dir='ltr'>suspendite</span> <span class='ocrx_word' id='word_1_516' title='bbox 738 3951 821 4012; x_wconf 87' lang='lat' dir='ltr'>capnt</span> <span class='ocrx_word' id='word_1_517' title='bbox 832 3942 885 4000; x_wconf 90' lang='lat' dir='ltr'>lroe</span> <span class='ocrx_word' id='word_1_518' title='bbox 899 3959 981 4016; x_wconf 89' lang='lat' dir='ltr'>supcr</span> <span class='ocrx_word' id='word_1_519' title='bbox 1003 3960 1063 4001; x_wconf 91' lang='lat' dir='ltr'>mu·</span> 
     </span>
     <span class='ocr_line' id='line_1_41' title="bbox 261 4031 1057 4108; baseline 0.013 -24"><span class='ocrx_word' id='word_1_520' title='bbox 261 4042 308 4084; x_wconf 89' lang='lat' dir='ltr'>ros</span> <span class='ocrx_word' id='word_1_521' title='bbox 321 4037 453 4090; x_wconf 84' lang='lat' dir='ltr'>nostros:</span> <span class='ocrx_word' id='word_1_522' title='bbox 469 4040 497 4088; x_wconf 92' lang='lat' dir='ltr'>et</span> <span class='ocrx_word' id='word_1_523' title='bbox 511 4031 575 4101; x_wconf 92' lang='lat' dir='ltr'>erit,</span> <span class='ocrx_word' id='word_1_524' title='bbox 591 4050 653 4091; x_wconf 90' lang='lat' dir='ltr'>cum</span> <span class='ocrx_word' id='word_1_525' title='bbox 665 4035 765 4090; x_wconf 88' lang='lat' dir='ltr'>exierit</span> <span class='ocrx_word' id='word_1_526' title='bbox 778 4035 820 4092; x_wconf 91' lang='lat' dir='ltr'>sol</span> <span class='ocrx_word' id='word_1_527' title='bbox 839 4037 955 4108; x_wconf 88' lang='lat' dir='ltr'>accipiat</span> <span class='ocrx_word' id='word_1_528' title='bbox 974 4053 1057 4094; x_wconf 90' lang='lat' dir='ltr'>unus·</span> 
     </span>
     <span class='ocr_line' id='line_1_42' title="bbox 260 4122 1063 4198; baseline 0.015 -22"><span class='ocrx_word' id='word_1_529' title='bbox 260 4122 376 4191; x_wconf 88' lang='lat' dir='ltr'>quisquc</span> <span class='ocrx_word' id='word_1_530' title='bbox 390 4137 467 4178; x_wconf 88' lang='lat' dir='ltr'>arma</span> <span class='ocrx_word' id='word_1_531' title='bbox 480 4138 541 4192; x_wconf 92' lang='lat' dir='ltr'>sua,</span> <span class='ocrx_word' id='word_1_532' title='bbox 557 4125 668 4183; x_wconf 86' lang='lat' dir='ltr'>etexite</span> <span class='ocrx_word' id='word_1_533' title='bbox 679 4140 742 4182; x_wconf 90' lang='lat' dir='ltr'>cum</span> <span class='ocrx_word' id='word_1_534' title='bbox 756 4126 873 4198; x_wconf 92' lang='lat' dir='ltr'>impetu,</span> <span class='ocrx_word' id='word_1_535' title='bbox 888 4142 943 4185; x_wconf 92' lang='lat' dir='ltr'>uon</span> <span class='ocrx_word' id='word_1_536' title='bbox 966 4137 996 4185; x_wconf 93' lang='lat' dir='ltr'>ut</span> <span class='ocrx_word' id='word_1_537' title='bbox 1013 4130 1063 4188; x_wconf 91' lang='lat' dir='ltr'>de·</span> 
     </span>
     <span class='ocr_line' id='line_1_43' title="bbox 261 4212 1061 4292; baseline 0.019 -24"><span class='ocrx_word' id='word_1_538' title='bbox 261 4212 401 4269; x_wconf 84' lang='lat' dir='ltr'>scondntis</span> <span class='ocrx_word' id='word_1_539' title='bbox 422 4214 572 4286; x_wconf 88' lang='lat' dir='ltr'>deorsum,</span> <span class='ocrx_word' id='word_1_540' title='bbox 598 4219 647 4274; x_wconf 90' lang='grc' dir='ltr'>ιιι</span> <span class='ocrx_word' id='word_1_541' title='bbox 671 4219 750 4292; x_wconf 89' lang='lat' dir='ltr'>quasi</span> <span class='ocrx_word' id='word_1_542' title='bbox 770 4217 903 4290; x_wconf 90' lang='lat' dir='ltr'>impetum</span> <span class='ocrx_word' id='word_1_543' title='bbox 918 4219 1061 4283; x_wconf 85' lang='lat' dir='ltr'>iacientes.</span> 
     </span>
     <span class='ocr_line' id='line_1_44' title="bbox 262 4306 1062 4388; baseline 0.014 -24"><span class='ocrx_word' id='word_1_544' title='bbox 262 4306 339 4364; x_wconf 85' lang='lat' dir='ltr'>Tunc</span> <span class='ocrx_word' id='word_1_545' title='bbox 353 4307 543 4378; x_wconf 79' lang='lat' dir='ltr'>exploratores</span> <span class='ocrx_word' id='word_1_546' title='bbox 557 4323 670 4370; x_wconf 88' lang='lat' dir='ltr'>necesse</span> <span class='ocrx_word' id='word_1_547' title='bbox 683 4311 737 4369; x_wconf 90' lang='lat' dir='ltr'>erit</span> <span class='ocrx_word' id='word_1_548' title='bbox 751 4321 781 4368; x_wconf 93' lang='lat' dir='ltr'>ut</span> <span class='ocrx_word' id='word_1_549' title='bbox 795 4312 900 4386; x_wconf 82' lang='lat' dir='ltr'>iuqiant</span> <span class='ocrx_word' id='word_1_550' title='bbox 910 4315 944 4372; x_wconf 89' lang='lat' dir='ltr'>ad</span> <span class='ocrx_word' id='word_1_551' title='bbox 960 4316 1062 4388; x_wconf 87' lang='lat' dir='ltr'>princi·</span> 
     </span>
    </p>
   </div>
   <div class='ocr_carea' id='block_1_4' title="bbox 139 4397 1063 4478">
    <p class='ocr_par' dir='ltr' id='par_1_4' title="bbox 139 4397 1063 4478">
     <span class='ocr_line' id='line_1_45' title="bbox 139 4397 1063 4478; baseline 0.022 -27"><span class='ocrx_word' id='word_1_552' title='bbox 139 4404 142 4418; x_wconf 81' lang='lat'><em>¹</em></span> <span class='ocrx_word' id='word_1_553' title='bbox 259 4411 323 4469; x_wconf 89' lang='lat' dir='ltr'>pem</span> <span class='ocrx_word' id='word_1_554' title='bbox 338 4411 417 4455; x_wconf 91' lang='lat' dir='ltr'>snum</span> <span class='ocrx_word' id='word_1_555' title='bbox 431 4397 445 4438; x_wconf 68' lang='lat' dir='ltr'>b</span> <span class='ocrx_word' id='word_1_556' title='bbox 459 4400 634 4458; x_wconf 88' lang='lat' dir='ltr'>excitandum</span> <span class='ocrx_word' id='word_1_557' title='bbox 649 4401 683 4460; x_wconf 91' lang='lat' dir='ltr'>ad</span> <span class='ocrx_word' id='word_1_558' title='bbox 698 4417 827 4476; x_wconf 72' lang='lat' dir='ltr'>pugnam.</span> <span class='ocrx_word' id='word_1_559' title='bbox 842 4403 964 4478; x_wconf 83' lang='lat' dir='ltr'>Cumque</span> <span class='ocrx_word' id='word_1_560' title='bbox 979 4408 1063 4470; x_wconf 84' lang='lat' dir='ltr'>duces</span> 
     </span>
    </p>
   </div>
   <div class='ocr_carea' id='block_1_5' title="bbox 261 4491 1062 4572">
    <p class='ocr_par' dir='ltr' id='par_1_5' title="bbox 261 4491 1062 4572">
     <span class='ocr_line' id='line_1_46' title="bbox 261 4491 1062 4572; baseline 0.022 -28"><span class='ocrx_word' id='word_1_561' title='bbox 261 4503 357 4546; x_wconf 89' lang='lat' dir='ltr'>corum</span> <span class='ocrx_word' id='word_1_562' title='bbox 372 4491 543 4550; x_wconf 86' lang='lat' dir='ltr'>cucurrerint</span> <span class='ocrx_word' id='word_1_563' title='bbox 556 4493 590 4552; x_wconf 90' lang='lat' dir='ltr'>ad</span> <span class='ocrx_word' id='word_1_564' title='bbox 608 4495 815 4554; x_wconf 86' lang='lat' dir='ltr'>tabernaculum</span> <span class='ocrx_word' id='word_1_565' title='bbox 829 4497 1008 4572; x_wconf 86' lang='lat' dir='ltr'>llolnlernis,</span> <span class='ocrx_word' id='word_1_566' title='bbox 1033 4513 1062 4562; x_wconf 87' lang='lat' dir='ltr'>et</span> 
     </span>
    </p>
   </div>
   <div class='ocr_carea' id='block_1_6' title="bbox 1112 3291 1918 3812">
    <p class='ocr_par' dir='ltr' id='par_1_6' title="bbox 1113 3291 1412 3366">
     <span class='ocr_line' id='line_1_47' title="bbox 1113 3291 1412 3366; baseline -0.02 -12"><span class='ocrx_word' id='word_1_567' title='bbox 1113 3294 1174 3366; x_wconf 83' lang='lat' dir='ltr'>eius</span> <span class='ocrx_word' id='word_1_568' title='bbox 1188 3307 1243 3350; x_wconf 92' lang='lat' dir='ltr'>non</span> <span class='ocrx_word' id='word_1_569' title='bbox 1253 3299 1297 3349; x_wconf 90' lang='lat' dir='ltr'>est</span> <span class='ocrx_word' id='word_1_570' title='bbox 1310 3291 1338 3348; x_wconf 91' lang='lat' dir='ltr'>in</span> <span class='ocrx_word' id='word_1_571' title='bbox 1351 3291 1412 3348; x_wconf 89' lang='lat' dir='ltr'>illo.</span> 
     </span>
    </p>

    <p class='ocr_par' dir='ltr' id='par_1_7' title="bbox 1112 3379 1918 3812">
     <span class='ocr_line' id='line_1_48' title="bbox 1147 3379 1916 3455; baseline -0.005 -15"><span class='ocrx_word' id='word_1_572' title='bbox 1147 3381 1295 3453; x_wconf 79' lang='lat' dir='ltr'>Quodnam</span> <span class='ocrx_word' id='word_1_573' title='bbox 1307 3382 1451 3440; x_wconf 84' lang='lat' dir='ltr'>audissent</span> <span class='ocrx_word' id='word_1_574' title='bbox 1459 3381 1597 3455; x_wconf 85' lang='lat' dir='ltr'>principes</span> <span class='ocrx_word' id='word_1_575' title='bbox 1607 3381 1716 3440; x_wconf 87' lang='lat' dir='ltr'>virtutis</span> <span class='ocrx_word' id='word_1_576' title='bbox 1724 3379 1916 3454; x_wconf 73' lang='lat' dir='ltr'>Assyriorum,</span> 
     </span>
     <span class='ocr_line' id='line_1_49' title="bbox 1113 3471 1916 3546; baseline 0 -16"><span class='ocrx_word' id='word_1_577' title='bbox 1113 3472 1254 3533; x_wconf 86' lang='lat' dir='ltr'>sciderunt</span> <span class='ocrx_word' id='word_1_578' title='bbox 1264 3488 1362 3532; x_wconf 90' lang='lat' dir='ltr'>omnes</span> <span class='ocrx_word' id='word_1_579' title='bbox 1375 3475 1541 3532; x_wconf 83' lang='lat' dir='ltr'>vestimenta</span> <span class='ocrx_word' id='word_1_580' title='bbox 1554 3488 1615 3546; x_wconf 85' lang='lat' dir='ltr'>sua,</span> <span class='ocrx_word' id='word_1_581' title='bbox 1628 3481 1659 3532; x_wconf 92' lang='lat' dir='ltr'>ct</span> <span class='ocrx_word' id='word_1_582' title='bbox 1671 3471 1861 3530; x_wconf 87' lang='lat' dir='ltr'>intolerabilis</span> <span class='ocrx_word' id='word_1_583' title='bbox 1879 3472 1916 3530; x_wconf 90' lang='lat' dir='ltr'>ti·</span> 
     </span>
     <span class='ocr_line' id='line_1_50' title="bbox 1114 3567 1918 3643; baseline -0.004 -17"><span class='ocrx_word' id='word_1_584' title='bbox 1114 3573 1216 3626; x_wconf 85' lang='lat' dir='ltr'>moret</span> <span class='ocrx_word' id='word_1_585' title='bbox 1228 3577 1332 3624; x_wconf 89' lang='lat' dir='ltr'>tremor</span> <span class='ocrx_word' id='word_1_586' title='bbox 1344 3567 1445 3626; x_wconf 92' lang='lat' dir='ltr'>cecidit</span> <span class='ocrx_word' id='word_1_587' title='bbox 1455 3583 1539 3643; x_wconf 89' lang='lat' dir='ltr'>super</span> <span class='ocrx_word' id='word_1_588' title='bbox 1551 3582 1612 3637; x_wconf 89' lang='lat' dir='ltr'>eos,</span> <span class='ocrx_word' id='word_1_589' title='bbox 1627 3577 1654 3626; x_wconf 91' lang='lat' dir='ltr'>et</span> <span class='ocrx_word' id='word_1_590' title='bbox 1665 3567 1770 3626; x_wconf 89' lang='lat' dir='ltr'>turbati</span> <span class='ocrx_word' id='word_1_591' title='bbox 1782 3567 1918 3626; x_wconf 88' lang='lat' dir='ltr'>suntani·</span> 
     </span>
     <span class='ocr_line' id='line_1_51' title="bbox 1114 3657 1918 3734; baseline 0.001 -18"><span class='ocrx_word' id='word_1_592' title='bbox 1114 3657 1153 3716; x_wconf 93' lang='lat' dir='ltr'>mi</span> <span class='ocrx_word' id='word_1_593' title='bbox 1167 3673 1264 3718; x_wconf 90' lang='lat' dir='ltr'>eorum</span> <span class='ocrx_word' id='word_1_594' title='bbox 1277 3659 1367 3717; x_wconf 84' lang='lat' dir='ltr'>valde.</span> <span class='ocrx_word' id='word_1_595' title='bbox 1383 3659 1418 3718; x_wconf 78' lang='lat' dir='ltr'>lit</span> <span class='ocrx_word' id='word_1_596' title='bbox 1430 3660 1519 3718; x_wconf 87' lang='lat' dir='ltr'>lactus</span> <span class='ocrx_word' id='word_1_597' title='bbox 1530 3668 1573 3719; x_wconf 90' lang='lat' dir='ltr'>est</span> <span class='ocrx_word' id='word_1_598' title='bbox 1583 3659 1688 3720; x_wconf 83' lang='lat' dir='ltr'>clamor</span> <span class='ocrx_word' id='word_1_599' title='bbox 1710 3660 1918 3734; x_wconf 84' lang='lat' dir='ltr'>incomparabi-</span> 
     </span>
     <span class='ocr_line' id='line_1_52' title="bbox 1112 3749 1604 3812; baseline 0.006 -5"><span class='ocrx_word' id='word_1_600' title='bbox 1112 3749 1147 3809; x_wconf 87' lang='lat' dir='ltr'>lis</span> <span class='ocrx_word' id='word_1_601' title='bbox 1159 3751 1187 3807; x_wconf 91' lang='lat' dir='ltr'>in</span> <span class='ocrx_word' id='word_1_602' title='bbox 1201 3761 1214 3792; x_wconf 81' lang='lat'><strong>⁰</strong></span> <span class='ocrx_word' id='word_1_603' title='bbox 1228 3751 1320 3808; x_wconf 90' lang='lat' dir='ltr'>medio</span> <span class='ocrx_word' id='word_1_604' title='bbox 1332 3761 1485 3810; x_wconf 86' lang='lat' dir='ltr'>castrorum</span> <span class='ocrx_word' id='word_1_605' title='bbox 1495 3767 1604 3812; x_wconf 87' lang='lat' dir='ltr'>corum.</span> 
     </span>
    </p>
   </div>
   <div class='ocr_carea' id='block_1_7' title="bbox 1113 3843 1949 4534">
    <p class='ocr_par' dir='ltr' id='par_1_8' title="bbox 1113 3843 1949 4534">
     <span class='ocr_line' id='line_1_53' title="bbox 1150 3843 1949 3919; baseline 0.005 -17"><span class='ocrx_word' id='word_1_606' title='bbox 1150 3843 1226 3919; x_wconf 81' lang='lat' dir='ltr'>[Cup.</span> <span class='ocrx_word' id='word_1_607' title='bbox 1242 3843 1451 3918; x_wconf 75' lang='lat' dir='ltr'>lli-lcumque</span> <span class='ocrx_word' id='word_1_608' title='bbox 1468 3847 1560 3904; x_wconf 89' lang='lat' dir='ltr'>omnis</span> <span class='ocrx_word' id='word_1_609' title='bbox 1582 3847 1726 3908; x_wconf 88' lang='lat' dir='ltr'>exercitus</span> <span class='ocrx_word' id='word_1_610' title='bbox 1749 3845 1919 3906; x_wconf 88' lang='lat' dir='ltr'>decollatum</span> <span class='ocrx_word' id='word_1_611' title='bbox 1943 3871 1949 3878; x_wconf 24' lang='grc' dir='ltr'><strong>ι</strong></span> 
     </span>
     <span class='ocr_line' id='line_1_54' title="bbox 1114 3946 1919 4021; baseline 0.005 -15"><span class='ocrx_word' id='word_1_612' title='bbox 1114 3946 1290 4006; x_wconf 87' lang='lat' dir='ltr'>llolnlenrem</span> <span class='ocrx_word' id='word_1_613' title='bbox 1299 3948 1433 4017; x_wconf 85' lang='lat' dir='ltr'>audisset,</span> <span class='ocrx_word' id='word_1_614' title='bbox 1448 3949 1517 4020; x_wconf 81' lang='lat' dir='ltr'>iuqit</span> <span class='ocrx_word' id='word_1_615' title='bbox 1526 3965 1605 4008; x_wconf 89' lang='lat' dir='ltr'>mens</span> <span class='ocrx_word' id='word_1_616' title='bbox 1616 3952 1806 4010; x_wconf 88' lang='lat' dir='ltr'>etccnsilium</span> <span class='ocrx_word' id='word_1_617' title='bbox 1816 3952 1852 4009; x_wconf 91' lang='lat' dir='ltr'>ab</span> <span class='ocrx_word' id='word_1_618' title='bbox 1866 3952 1919 4021; x_wconf 86' lang='lat' dir='ltr'>eis,</span> 
     </span>
     <span class='ocr_line' id='line_1_55' title="bbox 1114 4050 1920 4123; baseline 0 -16"><span class='ocrx_word' id='word_1_619' title='bbox 1114 4056 1141 4107; x_wconf 93' lang='lat' dir='ltr'>et</span> <span class='ocrx_word' id='word_1_620' title='bbox 1152 4050 1212 4108; x_wconf 89' lang='lat' dir='ltr'>snio</span> <span class='ocrx_word' id='word_1_621' title='bbox 1224 4059 1344 4107; x_wconf 90' lang='lat' dir='ltr'>tremore</span> <span class='ocrx_word' id='word_1_622' title='bbox 1358 4050 1681 4122; x_wconf 65' lang='lat' dir='ltr'>cenomannorum</span> <span class='ocrx_word' id='word_1_623' title='bbox 1694 4053 1859 4123; x_wconf 80' lang='lat' dir='ltr'>praesidium</span> <span class='ocrx_word' id='word_1_624' title='bbox 1873 4067 1920 4108; x_wconf 91' lang='lat' dir='ltr'>su-</span> 
     </span>
     <span class='ocr_line' id='line_1_56' title="bbox 1113 4150 1920 4225; baseline 0.005 -17"><span class='ocrx_word' id='word_1_625' title='bbox 1113 4161 1210 4208; x_wconf 89' lang='lat' dir='ltr'>munt:</span> <span class='ocrx_word' id='word_1_626' title='bbox 1226 4151 1263 4208; x_wconf 91' lang='lat' dir='ltr'>ita</span> <span class='ocrx_word' id='word_1_627' title='bbox 1276 4159 1309 4206; x_wconf 89' lang='lat' dir='ltr'>ut</span> <span class='ocrx_word' id='word_1_628' title='bbox 1317 4150 1408 4207; x_wconf 88' lang='lat' dir='ltr'>nullus</span> <span class='ocrx_word' id='word_1_629' title='bbox 1423 4150 1583 4224; x_wconf 89' lang='lat' dir='ltr'>loqueretur</span> <span class='ocrx_word' id='word_1_630' title='bbox 1603 4167 1667 4210; x_wconf 92' lang='lat' dir='ltr'>cum</span> <span class='ocrx_word' id='word_1_631' title='bbox 1689 4153 1827 4225; x_wconf 87' lang='lat' dir='ltr'>proximo</span> <span class='ocrx_word' id='word_1_632' title='bbox 1845 4169 1920 4224; x_wconf 90' lang='lat' dir='ltr'>suo,</span> 
     </span>
     <span class='ocr_line' id='line_1_57' title="bbox 1114 4252 1923 4326; baseline 0.001 -12"><span class='ocrx_word' id='word_1_633' title='bbox 1114 4254 1162 4314; x_wconf 92' lang='lat' dir='ltr'>sed</span> <span class='ocrx_word' id='word_1_634' title='bbox 1177 4252 1187 4294; x_wconf 74' lang='lat'><em>¹</em></span> <span class='ocrx_word' id='word_1_635' title='bbox 1204 4253 1335 4311; x_wconf 91' lang='lat' dir='ltr'>inclinato</span> <span class='ocrx_word' id='word_1_636' title='bbox 1344 4255 1444 4326; x_wconf 87' lang='lat' dir='ltr'>capite,</span> <span class='ocrx_word' id='word_1_637' title='bbox 1458 4253 1565 4312; x_wconf 88' lang='lat' dir='ltr'>relictis</span> <span class='ocrx_word' id='word_1_638' title='bbox 1578 4255 1718 4325; x_wconf 90' lang='lat' dir='ltr'>omnibus,</span> <span class='ocrx_word' id='word_1_639' title='bbox 1728 4258 1859 4316; x_wconf 86' lang='lat' dir='ltr'>eradere</span> <span class='ocrx_word' id='word_1_640' title='bbox 1868 4257 1923 4315; x_wconf 88' lang='lat' dir='ltr'>ies·</span> 
     </span>
     <span class='ocr_line' id='line_1_58' title="bbox 1114 4355 1921 4432; baseline 0.01 -20"><span class='ocrx_word' id='word_1_641' title='bbox 1114 4355 1237 4414; x_wconf 88' lang='lat' dir='ltr'>tinabant</span> <span class='ocrx_word' id='word_1_642' title='bbox 1250 4355 1697 4432; x_wconf 72' lang='lat' dir='ltr'>Haemoqqamarmamamper</span> <span class='ocrx_word' id='word_1_643' title='bbox 1718 4373 1760 4418; x_wconf 86' lang='lat' dir='ltr'>se</span> <span class='ocrx_word' id='word_1_644' title='bbox 1787 4361 1921 4420; x_wconf 73' lang='lat' dir='ltr'>veniret</span> 
     </span>
     <span class='ocr_line' id='line_1_59' title="bbox 1113 4455 1919 4534; baseline 0.009 -21"><span class='ocrx_word' id='word_1_645' title='bbox 1113 4456 1270 4525; x_wconf 89' lang='lat' dir='ltr'>audiebant,</span> <span class='ocrx_word' id='word_1_646' title='bbox 1287 4455 1420 4531; x_wconf 78' lang='lat' dir='ltr'>luqientes</span> <span class='ocrx_word' id='word_1_647' title='bbox 1435 4471 1485 4531; x_wconf 90' lang='lat' dir='ltr'>per</span> <span class='ocrx_word' id='word_1_648' title='bbox 1495 4458 1555 4516; x_wconf 85' lang='lat' dir='ltr'>rias</span> <span class='ocrx_word' id='word_1_649' title='bbox 1567 4472 1728 4534; x_wconf 90' lang='lat' dir='ltr'>camporum</span> <span class='ocrx_word' id='word_1_650' title='bbox 1745 4470 1777 4523; x_wconf 89' lang='lat' dir='ltr'>et</span> <span class='ocrx_word' id='word_1_651' title='bbox 1803 4463 1919 4524; x_wconf 86' lang='lat' dir='ltr'>semitas</span> 
     </span>
    </p>
   </div>
   <div class='ocr_carea' id='block_1_8' title="bbox 261 4563 1234 4669">
    <p class='ocr_par' dir='ltr' id='par_1_9' title="bbox 261 4563 1234 4669">
     <span class='ocr_line' id='line_1_60' title="bbox 261 4563 1234 4669; baseline 0.006 -30"><span class='ocrx_word' id='word_1_652' title='bbox 261 4584 418 4642; x_wconf 88' lang='lat' dir='ltr'>inuenerint</span> <span class='ocrx_word' id='word_1_653' title='bbox 429 4600 491 4645; x_wconf 91' lang='lat' dir='ltr'>eum</span> <span class='ocrx_word' id='word_1_654' title='bbox 507 4594 633 4646; x_wconf 84' lang='lat' dir='ltr'>truncum</span> <span class='ocrx_word' id='word_1_655' title='bbox 644 4591 673 4647; x_wconf 93' lang='lat' dir='ltr'>io</span> <span class='ocrx_word' id='word_1_656' title='bbox 685 4605 736 4649; x_wconf 91' lang='lat' dir='ltr'>suo</span> <span class='ocrx_word' id='word_1_657' title='bbox 749 4591 884 4665; x_wconf 77' lang='lat' dir='ltr'>sanquine</span> <span class='ocrx_word' id='word_1_658' title='bbox 893 4596 1060 4669; x_wconf 77' lang='lat' dir='ltr'>volutatum,</span> <span class='ocrx_word' id='word_1_659' title='bbox 1074 4563 1234 4648; x_wconf 52' lang='lat' dir='ltr'>bmnium·</span> 
     </span>
    </p>
   </div>
   <div class='ocr_carea' id='block_1_9' title="bbox 259 4661 1995 5073">
    <p class='ocr_par' dir='ltr' id='par_1_10' title="bbox 259 4661 1995 5073">
     <span class='ocr_line' id='line_1_61' title="bbox 263 4661 1919 4764; baseline 0.014 -59"><span class='ocrx_word' id='word_1_660' title='bbox 263 4673 372 4732; x_wconf 90' lang='lat' dir='ltr'>decidet</span> <span class='ocrx_word' id='word_1_661' title='bbox 384 4691 468 4749; x_wconf 58' lang='lat' dir='ltr'>supe,</span> <span class='ocrx_word' id='word_1_662' title='bbox 481 4693 529 4736; x_wconf 58' lang='lat'>003</span> <span class='ocrx_word' id='word_1_663' title='bbox 542 4679 634 4738; x_wconf 51' lang='lat' dir='ltr'><strong>umor·</strong></span> <span class='ocrx_word' id='word_1_664' title='bbox 651 4681 706 4757; x_wconf 44' lang='lat' dir='ltr'>[Ap.</span> <span class='ocrx_word' id='word_1_665' title='bbox 721 4683 848 4760; x_wconf 47' lang='lat' dir='ltr'><strong>nemon]</strong></span> <span class='ocrx_word' id='word_1_666' title='bbox 863 4686 988 4764; x_wconf 54' lang='lat' dir='ltr'>Cumque</span> <span class='ocrx_word' id='word_1_667' title='bbox 1013 4705 1060 4750; x_wconf 66' lang='grc' dir='ltr'>ω,</span> <span class='ocrx_word' id='word_1_668' title='bbox 1149 4662 1283 4722; x_wconf 65' lang='lat' dir='ltr'>videntes</span> <span class='ocrx_word' id='word_1_669' title='bbox 1296 4663 1391 4736; x_wconf 88' lang='lat' dir='ltr'>itaque</span> <span class='ocrx_word' id='word_1_670' title='bbox 1404 4661 1454 4720; x_wconf 88' lang='lat' dir='ltr'>dlii</span> <span class='ocrx_word' id='word_1_671' title='bbox 1468 4661 1552 4722; x_wconf 85' lang='lat' dir='ltr'>lsrael</span> <span class='ocrx_word' id='word_1_672' title='bbox 1577 4662 1724 4737; x_wconf 74' lang='lat' dir='ltr'>fugientes,</span> <span class='ocrx_word' id='word_1_673' title='bbox 1740 4669 1833 4727; x_wconf 90' lang='lat' dir='ltr'>secuti</span> <span class='ocrx_word' id='word_1_674' title='bbox 1853 4677 1919 4728; x_wconf 91' lang='lat' dir='ltr'>sunt</span> 
     </span>
     <span class='ocr_line' id='line_1_62' title="bbox 261 4763 1917 4856; baseline 0.011 -31"><span class='ocrx_word' id='word_1_675' title='bbox 261 4769 410 4840; x_wconf 79' lang='lat' dir='ltr'>qnnreritis</span> <span class='ocrx_word' id='word_1_676' title='bbox 422 4769 518 4844; x_wconf 78' lang='lat' dir='ltr'>lugere</span> <span class='ocrx_word' id='word_1_677' title='bbox 530 4787 590 4843; x_wconf 86' lang='lat' dir='ltr'>eos,</span> <span class='ocrx_word' id='word_1_678' title='bbox 605 4773 644 4832; x_wconf 89' lang='lat' dir='ltr'>ite</span> <span class='ocrx_word' id='word_1_679' title='bbox 657 4785 719 4848; x_wconf 90' lang='lat' dir='ltr'>post</span> <span class='ocrx_word' id='word_1_680' title='bbox 732 4775 797 4834; x_wconf 89' lang='lat' dir='ltr'>iilos</span> <span class='ocrx_word' id='word_1_681' title='bbox 806 4779 918 4850; x_wconf 81' lang='lat' dir='ltr'>securi,</span> <span class='ocrx_word' id='word_1_682' title='bbox 931 4781 1062 4856; x_wconf 84' lang='lat' dir='ltr'>quoniam</span> <span class='ocrx_word' id='word_1_683' title='bbox 1113 4766 1185 4825; x_wconf 63' lang='lat'><strong>5⁰⁰⁵·</strong></span> <span class='ocrx_word' id='word_1_684' title='bbox 1199 4763 1459 4838; x_wconf 59' lang='lat' dir='ltr'>Delilfldifflffllm</span> <span class='ocrx_word' id='word_1_685' title='bbox 1472 4764 1632 4841; x_wconf 66' lang='lat' dir='ltr'>⁰¹²⁰l⁸¹¹¹0⁸</span> <span class='ocrx_word' id='word_1_686' title='bbox 1643 4765 1734 4840; x_wconf 87' lang='lat' dir='ltr'>tubis,</span> <span class='ocrx_word' id='word_1_687' title='bbox 1747 4778 1779 4829; x_wconf 72' lang='lat'>0²</span> <span class='ocrx_word' id='word_1_688' title='bbox 1803 4773 1917 4832; x_wconf 61' lang='lat' dir='ltr'>”lulin-</span> 
     </span>
     <span class='ocr_line' id='line_1_63' title="bbox 259 4861 1995 4948; baseline 0.02 -31"><span class='ocrx_word' id='word_1_689' title='bbox 259 4861 395 4923; x_wconf 82' lang='lat' dir='ltr'>nominos</span> <span class='ocrx_word' id='word_1_690' title='bbox 409 4873 536 4924; x_wconf 82' lang='lat' dir='ltr'>conteret</span> <span class='ocrx_word' id='word_1_691' title='bbox 549 4881 597 4924; x_wconf 90' lang='lat' dir='ltr'>eos</span> <span class='ocrx_word' id='word_1_692' title='bbox 612 4867 665 4925; x_wconf 89' lang='lat' dir='ltr'>sub</span> <span class='ocrx_word' id='word_1_693' title='bbox 677 4869 793 4941; x_wconf 90' lang='lat' dir='ltr'>pedibus</span> <span class='ocrx_word' id='word_1_694' title='bbox 808 4873 919 4931; x_wconf 86' lang='lat' dir='ltr'>restris.</span> <span class='ocrx_word' id='word_1_695' title='bbox 1078 4927 1083 4935; x_wconf 82' lang='grc'><strong>,</strong></span> <span class='ocrx_word' id='word_1_696' title='bbox 1113 4880 1155 4930; x_wconf 90' lang='lat' dir='ltr'>tes</span> <span class='ocrx_word' id='word_1_697' title='bbox 1168 4878 1231 4944; x_wconf 85' lang='lat' dir='ltr'>post</span> <span class='ocrx_word' id='word_1_698' title='bbox 1242 4871 1328 4943; x_wconf 82' lang='lat' dir='ltr'>ipsus·</span> <span class='ocrx_word' id='word_1_699' title='bbox 1342 4869 1378 4926; x_wconf 75' lang='grc' dir='ltr'>Εῑ</span> <span class='ocrx_word' id='word_1_700' title='bbox 1390 4867 1521 4940; x_wconf 70' lang='lat' dir='ltr'>l¹¹⁰¹¹5²m</span> <span class='ocrx_word' id='word_1_701' title='bbox 1533 4867 1639 4946; x_wconf 55' lang='grc' dir='ltr'>ᾸἏῚΓῙῙ</span> <span class='ocrx_word' id='word_1_702' title='bbox 1650 4885 1705 4930; x_wconf 72' lang='lat'><strong>”⁰¹¹</strong></span> <span class='ocrx_word' id='word_1_703' title='bbox 1723 4873 1861 4948; x_wconf 57' lang='lat' dir='ltr'>wimiis</span> <span class='ocrx_word' id='word_1_704' title='bbox 1888 4877 1918 4934; x_wconf 68' lang='lat'>5¹¹</span> <span class='ocrx_word' id='word_1_705' title='bbox 1989 4893 1995 4906; x_wconf 90' lang='lat'>&#39;</span> 
     </span>
     <span class='ocr_line' id='line_1_64' title="bbox 263 4953 1918 5073; baseline 0.016 -62"><span class='ocrx_word' id='word_1_706' title='bbox 263 4953 488 5048; x_wconf 43' lang='lat' dir='ltr'>“duncdchior</span> <span class='ocrx_word' id='word_1_707' title='bbox 506 4955 604 5018; x_wconf 84' lang='lat' dir='ltr'>uidens</span> <span class='ocrx_word' id='word_1_708' title='bbox 615 4958 769 5032; x_wconf 83' lang='lat' dir='ltr'>virtutem,</span> <span class='ocrx_word' id='word_1_709' title='bbox 791 4977 873 5037; x_wconf 88' lang='lat' dir='ltr'>quam</span> <span class='ocrx_word' id='word_1_710' title='bbox 895 4965 962 5028; x_wconf 88' lang='lat' dir='ltr'>lecit</span> <span class='ocrx_word' id='word_1_711' title='bbox 988 4967 1062 5029; x_wconf 80' lang='lat' dir='ltr'>Deus</span> <span class='ocrx_word' id='word_1_712' title='bbox 1113 4970 1205 5045; x_wconf 73' lang='lat' dir='ltr'>lunam</span> <span class='ocrx_word' id='word_1_713' title='bbox 1219 4967 1462 5042; x_wconf 82' lang='lat' dir='ltr'>inantpraacipttes</span> <span class='ocrx_word' id='word_1_714' title='bbox 1477 4983 1486 5028; x_wconf 77' lang='grc' dir='ltr'>ι</span> <span class='ocrx_word' id='word_1_715' title='bbox 1502 4967 1552 5039; x_wconf 84' lang='lat' dir='ltr'>dlii</span> <span class='ocrx_word' id='word_1_716' title='bbox 1565 4977 1660 5031; x_wconf 89' lang='lat' dir='ltr'>autem</span> <span class='ocrx_word' id='word_1_717' title='bbox 1682 4971 1772 5073; x_wconf 69' lang='lat' dir='ltr'>lsrael</span> <span class='ocrx_word' id='word_1_718' title='bbox 1795 4991 1855 5037; x_wconf 89' lang='lat' dir='ltr'>nno</span> <span class='ocrx_word' id='word_1_719' title='bbox 1869 4993 1918 5052; x_wconf 76' lang='lat' dir='ltr'>aq·</span> 
     </span>
    </p>
   </div>
   <div class='ocr_carea' id='block_1_10' title="bbox 192 5154 1056 5595">
    <p class='ocr_par' dir='ltr' id='par_1_11' title="bbox 192 5154 1056 5595">
     <span class='ocr_line' id='line_1_65' title="bbox 192 5154 964 5238; baseline 0.031 -31"><span class='ocrx_word' id='word_1_720' title='bbox 192 5157 194 5164; x_wconf 85' lang='lat'>&#39;</span> <span class='ocrx_word' id='word_1_721' title='bbox 299 5154 353 5211; x_wconf 67' lang='lat' dir='ltr'>alr</span> <span class='ocrx_word' id='word_1_722' title='bbox 365 5155 460 5214; x_wconf 87' lang='lat' dir='ltr'>endem</span> <span class='ocrx_word' id='word_1_723' title='bbox 474 5171 539 5227; x_wconf 79' lang='lat' dir='ltr'>ms,</span> <span class='ocrx_word' id='word_1_724' title='bbox 551 5157 728 5232; x_wconf 66' lang='lat' dir='ltr'>dominamur</span> <span class='ocrx_word' id='word_1_725' title='bbox 741 5165 783 5223; x_wconf 84' lang='lat' dir='ltr'>llil</span> <span class='ocrx_word' id='word_1_726' title='bbox 794 5183 893 5238; x_wconf 79' lang='lat' dir='ltr'>omnes,</span> <span class='ocrx_word' id='word_1_727' title='bbox 909 5178 964 5231; x_wconf 88' lang='lat' dir='ltr'>etc.</span> 
     </span>
     <span class='ocr_line' id='line_1_66' title="bbox 296 5221 948 5314; baseline 0.031 -35"><span class='ocrx_word' id='word_1_728' title='bbox 296 5221 312 5263; x_wconf 58' lang='grc' dir='ltr'><strong><em>Β</em></strong></span> <span class='ocrx_word' id='word_1_729' title='bbox 327 5225 386 5282; x_wconf 87' lang='lat' dir='ltr'>llun</span> <span class='ocrx_word' id='word_1_730' title='bbox 400 5243 480 5310; x_wconf 64' lang='lat' dir='ltr'>mas,</span> <span class='ocrx_word' id='word_1_731' title='bbox 495 5231 704 5292; x_wconf 80' lang='lat' dir='ltr'>adcocitundum</span> <span class='ocrx_word' id='word_1_732' title='bbox 711 5253 769 5293; x_wconf 89' lang='lat' dir='ltr'>cum</span> <span class='ocrx_word' id='word_1_733' title='bbox 780 5240 815 5294; x_wconf 86' lang='lat' dir='ltr'>nd</span> <span class='ocrx_word' id='word_1_734' title='bbox 825 5257 948 5314; x_wconf 82' lang='lat' dir='ltr'>puqnarn.</span> 
     </span>
     <span class='ocr_line' id='line_1_67' title="bbox 297 5294 908 5370; baseline 0.034 -21"><span class='ocrx_word' id='word_1_735' title='bbox 297 5305 310 5334; x_wconf 64' lang='grc' dir='ltr'><strong>ο</strong></span> <span class='ocrx_word' id='word_1_736' title='bbox 325 5294 467 5356; x_wconf 87' lang='lat' dir='ltr'>interserrt</span> <span class='ocrx_word' id='word_1_737' title='bbox 480 5299 597 5359; x_wconf 88' lang='lat' dir='ltr'>Palatio.</span> <span class='ocrx_word' id='word_1_738' title='bbox 609 5320 662 5363; x_wconf 87' lang='grc' dir='ltr'><strong>ιιι.</strong></span> <span class='ocrx_word' id='word_1_739' title='bbox 676 5306 722 5368; x_wconf 90' lang='lat' dir='ltr'>bic</span> <span class='ocrx_word' id='word_1_740' title='bbox 733 5324 832 5368; x_wconf 90' lang='lat' dir='ltr'>nomen</span> <span class='ocrx_word' id='word_1_741' title='bbox 847 5311 908 5370; x_wconf 84' lang='lat' dir='ltr'>Dei.</span> 
     </span>
     <span class='ocr_line' id='line_1_68' title="bbox 257 5361 897 5452; baseline 0.033 -32"><span class='ocrx_word' id='word_1_742' title='bbox 257 5369 261 5422; x_wconf 71' lang='grc' dir='ltr'>ἐ</span> <span class='ocrx_word' id='word_1_743' title='bbox 294 5361 375 5423; x_wconf 67' lang='lat' dir='ltr'>dinc</span> <span class='ocrx_word' id='word_1_744' title='bbox 388 5383 455 5452; x_wconf 76' lang='lat' dir='ltr'>vero</span> <span class='ocrx_word' id='word_1_745' title='bbox 466 5386 565 5430; x_wconf 88' lang='lat' dir='ltr'>nomen</span> <span class='ocrx_word' id='word_1_746' title='bbox 579 5378 647 5448; x_wconf 83' lang='lat' dir='ltr'>rcqls</span> <span class='ocrx_word' id='word_1_747' title='bbox 663 5379 734 5436; x_wconf 90' lang='lat' dir='ltr'>idem</span> <span class='ocrx_word' id='word_1_748' title='bbox 749 5395 800 5438; x_wconf 88' lang='lat' dir='ltr'>ms.</span> <span class='ocrx_word' id='word_1_749' title='bbox 815 5391 897 5441; x_wconf 86' lang='lat' dir='ltr'>tacet.</span> 
     </span>
     <span class='ocr_line' id='line_1_69' title="bbox 260 5437 878 5520; baseline 0.031 -28"><span class='ocrx_word' id='word_1_750' title='bbox 260 5507 263 5516; x_wconf 30' lang='grc' dir='ltr'>Ι</span> <span class='ocrx_word' id='word_1_751' title='bbox 296 5443 310 5474; x_wconf 74' lang='lat'>0</span> <span class='ocrx_word' id='word_1_752' title='bbox 333 5437 449 5520; x_wconf 75' lang='lat' dir='ltr'>Palatrn.</span> <span class='ocrx_word' id='word_1_753' title='bbox 462 5457 527 5513; x_wconf 80' lang='lat' dir='ltr'>ms,</span> <span class='ocrx_word' id='word_1_754' title='bbox 542 5445 570 5500; x_wconf 86' lang='lat' dir='ltr'>in</span> <span class='ocrx_word' id='word_1_755' title='bbox 582 5448 667 5504; x_wconf 87' lang='lat' dir='ltr'>medio</span> <span class='ocrx_word' id='word_1_756' title='bbox 681 5461 766 5506; x_wconf 82' lang='lat' dir='ltr'>costra</span> <span class='ocrx_word' id='word_1_757' title='bbox 777 5467 878 5510; x_wconf 86' lang='lat' dir='ltr'>sorum.</span> 
     </span>
     <span class='ocr_line' id='line_1_70' title="bbox 296 5503 1056 5595; baseline 0.034 -34"><span class='ocrx_word' id='word_1_758' title='bbox 296 5503 307 5546; x_wconf 76' lang='lat'><strong><em>¹</em></strong></span> <span class='ocrx_word' id='word_1_759' title='bbox 321 5507 409 5566; x_wconf 82' lang='lat' dir='ltr'>dltter</span> <span class='ocrx_word' id='word_1_760' title='bbox 421 5511 532 5570; x_wconf 81' lang='lat' dir='ltr'>Graecus</span> <span class='ocrx_word' id='word_1_761' title='bbox 552 5515 643 5590; x_wconf 87' lang='lat' dir='ltr'>lrnbct,</span> <span class='ocrx_word' id='word_1_762' title='bbox 656 5521 702 5576; x_wconf 87' lang='lat' dir='ltr'>scd</span> <span class='ocrx_word' id='word_1_763' title='bbox 716 5521 792 5592; x_wconf 72' lang='lat' dir='ltr'>effusi</span> <span class='ocrx_word' id='word_1_764' title='bbox 804 5526 971 5595; x_wconf 86' lang='lat' dir='ltr'>unanimiter,</span> <span class='ocrx_word' id='word_1_765' title='bbox 993 5525 1056 5586; x_wconf 74' lang='grc' dir='ltr'>ἀλλὰ</span> 
     </span>
    </p>
   </div>
   <div class='ocr_carea' id='block_1_11' title="bbox 1110 5174 1918 5607">
    <p class='ocr_par' dir='ltr' id='par_1_12' title="bbox 1110 5174 1918 5607">
     <span class='ocr_line' id='line_1_71' title="bbox 1110 5174 1917 5256; baseline 0.019 -24"><span class='ocrx_word' id='word_1_766' title='bbox 1110 5174 1264 5242; x_wconf 82' lang='grc' dir='ltr'><strong>ιιιιὶιιιιι,</strong></span> <span class='ocrx_word' id='word_1_767' title='bbox 1290 5186 1449 5236; x_wconf 88' lang='lat' dir='ltr'>nontamen</span> <span class='ocrx_word' id='word_1_768' title='bbox 1465 5179 1659 5256; x_wconf 79' lang='lat' dir='ltr'>Hieronymum</span> <span class='ocrx_word' id='word_1_769' title='bbox 1679 5184 1794 5242; x_wconf 80' lang='grc' dir='ltr'><strong>ιιιιιιι</strong></span> <span class='ocrx_word' id='word_1_770' title='bbox 1809 5187 1917 5246; x_wconf 83' lang='lat' dir='ltr'>uraca</span> 
     </span>
     <span class='ocr_line' id='line_1_72' title="bbox 1110 5246 1918 5322; baseline 0.015 -17"><span class='ocrx_word' id='word_1_771' title='bbox 1110 5246 1236 5317; x_wconf 85' lang='lat' dir='ltr'>lectionis</span> <span class='ocrx_word' id='word_1_772' title='bbox 1250 5247 1267 5305; x_wconf 95' lang='lat' dir='ltr'>d</span> <span class='ocrx_word' id='word_1_773' title='bbox 1337 5259 1393 5306; x_wconf 87' lang='lat' dir='ltr'>tarn</span> <span class='ocrx_word' id='word_1_774' title='bbox 1404 5250 1665 5322; x_wconf 67' lang='lat' dir='ltr'>similitudinem</span> <span class='ocrx_word' id='word_1_775' title='bbox 1673 5255 1804 5316; x_wconf 79' lang='lat' dir='ltr'>Graecum</span> <span class='ocrx_word' id='word_1_776' title='bbox 1817 5272 1918 5316; x_wconf 86' lang='lat' dir='ltr'>exem·</span> 
     </span>
     <span class='ocr_line' id='line_1_73' title="bbox 1110 5317 1918 5404; baseline 0.022 -33"><span class='ocrx_word' id='word_1_777' title='bbox 1110 5317 1173 5390; x_wconf 88' lang='lat' dir='ltr'>plan</span> <span class='ocrx_word' id='word_1_778' title='bbox 1186 5319 1213 5376; x_wconf 90' lang='lat' dir='ltr'>in</span> <span class='ocrx_word' id='word_1_779' title='bbox 1226 5320 1308 5376; x_wconf 89' lang='lat' dir='ltr'>baca</span> <span class='ocrx_word' id='word_1_780' title='bbox 1329 5321 1451 5380; x_wconf 85' lang='lat' dir='ltr'>ornanda</span> <span class='ocrx_word' id='word_1_781' title='bbox 1466 5325 1597 5384; x_wconf 82' lang='lat' dir='ltr'>versione</span> <span class='ocrx_word' id='word_1_782' title='bbox 1611 5327 1725 5384; x_wconf 88' lang='lat' dir='ltr'>omnino</span> <span class='ocrx_word' id='word_1_783' title='bbox 1744 5343 1803 5386; x_wconf 92' lang='lat' dir='ltr'>nnn</span> <span class='ocrx_word' id='word_1_784' title='bbox 1817 5331 1918 5404; x_wconf 70' lang='lat' dir='ltr'>attige-</span> 
     </span>
     <span class='ocr_line' id='line_1_74' title="bbox 1110 5388 1917 5470; baseline 0.015 -25"><span class='ocrx_word' id='word_1_785' title='bbox 1110 5388 1158 5458; x_wconf 89' lang='lat' dir='ltr'>rit,</span> <span class='ocrx_word' id='word_1_786' title='bbox 1172 5389 1220 5447; x_wconf 89' lang='lat' dir='ltr'>sed</span> <span class='ocrx_word' id='word_1_787' title='bbox 1234 5391 1414 5467; x_wconf 83' lang='lat' dir='ltr'>vetustiorem</span> <span class='ocrx_word' id='word_1_788' title='bbox 1425 5393 1541 5452; x_wconf 88' lang='lat' dir='ltr'>lortasse</span> <span class='ocrx_word' id='word_1_789' title='bbox 1553 5397 1644 5454; x_wconf 80' lang='lat' dir='ltr'>Latin.</span> <span class='ocrx_word' id='word_1_790' title='bbox 1655 5397 1861 5470; x_wconf 88' lang='lat' dir='ltr'>interpretem,</span> <span class='ocrx_word' id='word_1_791' title='bbox 1878 5401 1917 5456; x_wconf 89' lang='lat' dir='ltr'>ita</span> 
     </span>
     <span class='ocr_line' id='line_1_75' title="bbox 1112 5460 1918 5542; baseline 0.015 -27"><span class='ocrx_word' id='word_1_792' title='bbox 1112 5467 1143 5515; x_wconf 93' lang='lat' dir='ltr'>ut</span> <span class='ocrx_word' id='word_1_793' title='bbox 1151 5460 1249 5518; x_wconf 85' lang='lat' dir='ltr'>Grotio</span> <span class='ocrx_word' id='word_1_794' title='bbox 1259 5460 1336 5527; x_wconf 89' lang='lat' dir='ltr'>libet,</span> <span class='ocrx_word' id='word_1_795' title='bbox 1348 5463 1438 5536; x_wconf 75' lang='lat' dir='ltr'>legere</span> <span class='ocrx_word' id='word_1_796' title='bbox 1452 5469 1574 5530; x_wconf 87' lang='lat' dir='ltr'>potuisse</span> <span class='ocrx_word' id='word_1_797' title='bbox 1583 5479 1714 5526; x_wconf 88' lang='lat' dir='ltr'>autumo:</span> <span class='ocrx_word' id='word_1_798' title='bbox 1730 5471 1815 5542; x_wconf 82' lang='lat' dir='ltr'>cujus</span> <span class='ocrx_word' id='word_1_799' title='bbox 1826 5473 1918 5529; x_wconf 91' lang='lat' dir='ltr'>inter·</span> 
     </span>
     <span class='ocr_line' id='line_1_76' title="bbox 1111 5533 1916 5607; baseline 0.016 -20"><span class='ocrx_word' id='word_1_800' title='bbox 1111 5533 1291 5601; x_wconf 89' lang='lat' dir='ltr'>pretationem</span> <span class='ocrx_word' id='word_1_801' title='bbox 1305 5533 1408 5607; x_wconf 88' lang='lat' dir='ltr'>absque</span> <span class='ocrx_word' id='word_1_802' title='bbox 1421 5535 1480 5593; x_wconf 92' lang='lat' dir='ltr'>ullo</span> <span class='ocrx_word' id='word_1_803' title='bbox 1492 5539 1646 5599; x_wconf 83' lang='lat' dir='ltr'>Cbaldaican</span> <span class='ocrx_word' id='word_1_804' title='bbox 1656 5541 1782 5600; x_wconf 77' lang='lat' dir='ltr'>uerimtls</span> <span class='ocrx_word' id='word_1_805' title='bbox 1796 5550 1827 5602; x_wconf 93' lang='lat' dir='ltr'>et</span> <span class='ocrx_word' id='word_1_806' title='bbox 1845 5543 1916 5603; x_wconf 87' lang='lat' dir='ltr'>recti</span> 
     </span>
    </p>
   </div>
   <div class='ocr_carea' id='block_1_12' title="bbox 258 5578 1654 5678">
    <p class='ocr_par' dir='ltr' id='par_1_13' title="bbox 258 5578 1654 5678">
     <span class='ocr_line' id='line_1_77' title="bbox 258 5578 1654 5678; baseline 0.024 -45"><span class='ocrx_word' id='word_1_807' title='bbox 258 5578 409 5652; x_wconf 79' lang='grc' dir='ltr'><strong>ικχυιιιτις</strong></span> <span class='ocrx_word' id='word_1_808' title='bbox 441 5583 620 5660; x_wconf 76' lang='grc' dir='ltr'><strong>ὁμοιυμαιὸιι</strong></span> <span class='ocrx_word' id='word_1_809' title='bbox 646 5593 822 5661; x_wconf 91' lang='lat' dir='ltr'>quamobrem</span> <span class='ocrx_word' id='word_1_810' title='bbox 845 5597 1054 5672; x_wconf 83' lang='lat' dir='ltr'>Hieronymum,</span> <span class='ocrx_word' id='word_1_811' title='bbox 1106 5615 1203 5661; x_wconf 90' lang='lat' dir='ltr'>sensus</span> <span class='ocrx_word' id='word_1_812' title='bbox 1216 5603 1361 5678; x_wconf 89' lang='lat' dir='ltr'>dispendio</span> <span class='ocrx_word' id='word_1_813' title='bbox 1373 5605 1484 5663; x_wconf 90' lang='lat' dir='ltr'>llieroo.</span> <span class='ocrx_word' id='word_1_814' title='bbox 1498 5611 1654 5669; x_wconf 88' lang='lat' dir='ltr'>retinuerit.</span> 
     </span>
    </p>
   </div>
   <div class='ocr_carea' id='block_1_13' title="bbox 257 5653 1056 5813">
    <p class='ocr_par' dir='ltr' id='par_1_14' title="bbox 257 5653 1056 5813">
     <span class='ocr_line' id='line_1_78' title="bbox 259 5653 1055 5732; baseline 0.03 -27"><span class='ocrx_word' id='word_1_815' title='bbox 259 5653 409 5720; x_wconf 83' lang='lat' dir='ltr'>quiuertit,</span> <span class='ocrx_word' id='word_1_816' title='bbox 425 5659 470 5709; x_wconf 90' lang='lat' dir='ltr'>sed</span> <span class='ocrx_word' id='word_1_817' title='bbox 501 5657 627 5716; x_wconf 76' lang='lat' dir='ltr'>irretiendo</span> <span class='ocrx_word' id='word_1_818' title='bbox 651 5663 760 5732; x_wconf 84' lang='lat' dir='ltr'>cupite,</span> <span class='ocrx_word' id='word_1_819' title='bbox 790 5680 844 5723; x_wconf 94' lang='lat' dir='ltr'>non</span> <span class='ocrx_word' id='word_1_820' title='bbox 869 5683 902 5724; x_wconf 86' lang='lat' dir='ltr'>ex</span> <span class='ocrx_word' id='word_1_821' title='bbox 923 5667 1055 5728; x_wconf 83' lang='lat' dir='ltr'>Gbaldaeo</span> 
     </span>
     <span class='ocr_line' id='line_1_79' title="bbox 257 5723 1056 5813; baseline 0.035 -39"><span class='ocrx_word' id='word_1_822' title='bbox 257 5729 346 5790; x_wconf 88' lang='lat' dir='ltr'>textu,</span> <span class='ocrx_word' id='word_1_823' title='bbox 360 5723 408 5781; x_wconf 89' lang='lat' dir='ltr'>sed</span> <span class='ocrx_word' id='word_1_824' title='bbox 420 5739 454 5782; x_wconf 90' lang='lat' dir='ltr'>ex</span> <span class='ocrx_word' id='word_1_825' title='bbox 466 5725 562 5784; x_wconf 75' lang='lat' dir='ltr'>Graeco</span> <span class='ocrx_word' id='word_1_826' title='bbox 572 5743 703 5801; x_wconf 89' lang='lat' dir='ltr'>perquam</span> <span class='ocrx_word' id='word_1_827' title='bbox 729 5735 812 5794; x_wconf 86' lang='lat' dir='ltr'>simili</span> <span class='ocrx_word' id='word_1_828' title='bbox 836 5739 919 5798; x_wconf 83' lang='lat' dir='ltr'>verbu</span> <span class='ocrx_word' id='word_1_829' title='bbox 949 5743 1056 5813; x_wconf 86' lang='lat' dir='ltr'>putarit</span> 
     </span>
    </p>
   </div>
   <div class='ocr_carea' id='block_1_14' title="bbox 215 5789 1053 5883">
    <p class='ocr_par' dir='ltr' id='par_1_15' title="bbox 215 5789 1053 5883">
     <span class='ocr_line' id='line_1_80' title="bbox 215 5789 1053 5883; baseline 0.033 -37"><span class='ocrx_word' id='word_1_830' title='bbox 215 5808 218 5816; x_wconf 94' lang='lat'>·</span> <span class='ocrx_word' id='word_1_831' title='bbox 255 5789 367 5854; x_wconf 84' lang='lat' dir='ltr'>Grotius</span> <span class='ocrx_word' id='word_1_832' title='bbox 381 5794 490 5869; x_wconf 71' lang='lat' dir='ltr'>legisse,</span> <span class='ocrx_word' id='word_1_833' title='bbox 504 5799 663 5866; x_wconf 79' lang='lat' dir='ltr'>lmdtdlarm·</span> <span class='ocrx_word' id='word_1_834' title='bbox 676 5801 733 5877; x_wconf 73' lang='lat' dir='ltr'>uro</span> <span class='ocrx_word' id='word_1_835' title='bbox 748 5808 850 5881; x_wconf 78' lang='lat' dir='ltr'>ateius</span> <span class='ocrx_word' id='word_1_836' title='bbox 864 5811 1053 5883; x_wconf 76' lang='lat' dir='ltr'>conjecturem</span> 
     </span>
    </p>
   </div>
   <div class='ocr_carea' id='block_1_15' title="bbox 1142 5673 1916 5761">
    <p class='ocr_par' dir='ltr' id='par_1_16' title="bbox 1142 5673 1916 5761">
     <span class='ocr_line' id='line_1_81' title="bbox 1142 5673 1916 5761; baseline 0.048 -36"><span class='ocrx_word' id='word_1_837' title='bbox 1142 5683 1156 5724; x_wconf 91' lang='grc' dir='ltr'>ι</span> <span class='ocrx_word' id='word_1_838' title='bbox 1170 5673 1283 5748; x_wconf 74' lang='lat' dir='ltr'>Reginae</span> <span class='ocrx_word' id='word_1_839' title='bbox 1295 5691 1359 5750; x_wconf 80' lang='lat' dir='ltr'>ms,</span> <span class='ocrx_word' id='word_1_840' title='bbox 1373 5684 1582 5742; x_wconf 78' lang='grc' dir='ltr'><strong>ιιιιιιιιιιιίιι</strong></span> <span class='ocrx_word' id='word_1_841' title='bbox 1596 5700 1711 5758; x_wconf 80' lang='lat' dir='ltr'>asperas</span> <span class='ocrx_word' id='word_1_842' title='bbox 1720 5682 1859 5759; x_wconf 71' lang='lat' dir='ltr'>dcem,</span> <span class='ocrx_word' id='word_1_843' title='bbox 1871 5687 1916 5761; x_wconf 63' lang='lat' dir='ltr'>l*</span> 
     </span>
    </p>
   </div>
   <div class='ocr_carea' id='block_1_16' title="bbox 1105 5746 1284 5821">
    <p class='ocr_par' dir='ltr' id='par_1_17' title="bbox 1105 5746 1284 5821">
     <span class='ocr_line' id='line_1_82' title="bbox 1105 5746 1284 5821; baseline 0.017 -18"><span class='ocrx_word' id='word_1_844' title='bbox 1105 5746 1215 5821; x_wconf 67' lang='lat' dir='ltr'>qanto,</span> <span class='ocrx_word' id='word_1_845' title='bbox 1227 5754 1284 5808; x_wconf 82' lang='lat' dir='ltr'>etc.</span> 
     </span>
    </p>
   </div>
   <div class='ocr_carea' id='block_1_17' title="bbox 0 0 2023 6324">
    <p class='ocr_par' dir='ltr' id='par_1_18' title="bbox 0 0 2023 6324">
     <span class='ocr_line' id='line_1_83' title="bbox 0 0 2023 6324; baseline 0 0"><span class='ocrx_word' id='word_1_846' title='bbox 0 0 2023 6324; x_wconf 95' lang='lat' dir='ltr'> </span> 
     </span>
    </p>
   </div>
  </div>
 </body>
</html>
