<?xml version="1.0" encoding="UTF-8"?>
<!DOCTYPE html PUBLIC "-//W3C//DTD XHTML 1.0 Transitional//EN"
    "http://www.w3.org/TR/xhtml1/DTD/xhtml1-transitional.dtd">
<html xmlns="http://www.w3.org/1999/xhtml" xml:lang="en" lang="en">
 <head>
  <title>
</title>
<meta http-equiv="Content-Type" content="text/html;charset=utf-8" />
  <meta name='ocr-system' content='tesseract 3.04.00' />
  <meta name='ocr-capabilities' content='ocr_page ocr_carea ocr_par ocr_line ocrx_word'/>
</head>
<body>
  <div class='ocr_page' id='page_1' title='image "./patrologiaecurs140migngoog_0053.png"; bbox 0 0 4017 6334; ppageno 0'>
   <div class='ocr_carea' id='block_1_1' title="bbox 5 208 7 287">
    <p class='ocr_par' dir='ltr' id='par_1_1' title="bbox 5 208 7 287">
     <span class='ocr_line' id='line_1_1' title="bbox 5 208 7 287; baseline 0 0"><span class='ocrx_word' id='word_1_1' title='bbox 5 208 7 287; x_wconf 88' lang='lat' dir='ltr'>l</span> 
     </span>
    </p>
   </div>
   <div class='ocr_carea' id='block_1_2' title="bbox 5 233 1708 381">
    <p class='ocr_par' dir='ltr' id='par_1_2' title="bbox 5 233 1708 381">
     <span class='ocr_line' id='line_1_2' title="bbox 5 233 1708 381; baseline 0.032 -58"><span class='ocrx_word' id='word_1_2' title='bbox 5 290 7 381; x_wconf 32' lang='grc' dir='ltr'>ι</span> <span class='ocrx_word' id='word_1_3' title='bbox 70 291 98 356; x_wconf 62' lang='lat' dir='ltr'>,p</span> <span class='ocrx_word' id='word_1_4' title='bbox 416 233 418 240; x_wconf 55' lang='grc'>’</span> <span class='ocrx_word' id='word_1_5' title='bbox 629 285 820 350; x_wconf 78' lang='lat' dir='ltr'>staunton.</span> <span class='ocrx_word' id='word_1_6' title='bbox 835 285 1127 353; x_wconf 82' lang='lat' dir='ltr'>anrnnnvnano.</span> <span class='ocrx_word' id='word_1_7' title='bbox 1671 298 1708 364; x_wconf 87' lang='lat' dir='ltr'>m</span> 
     </span>
    </p>
   </div>
   <div class='ocr_carea' id='block_1_3' title="bbox 68 399 1807 3552">
    <p class='ocr_par' dir='ltr' id='par_1_3' title="bbox 68 399 1807 3552">
     <span class='ocr_line' id='line_1_3' title="bbox 68 399 1707 487; baseline 0 -19"><span class='ocrx_word' id='word_1_8' title='bbox 68 408 219 487; x_wconf 81' lang='lat' dir='ltr'>mpsronini</span> <span class='ocrx_word' id='word_1_9' title='bbox 231 409 368 478; x_wconf 88' lang='lat' dir='ltr'>invalido,</span> <span class='ocrx_word' id='word_1_10' title='bbox 379 414 408 468; x_wconf 81' lang='grc' dir='ltr'>ιι</span> <span class='ocrx_word' id='word_1_11' title='bbox 419 405 553 482; x_wconf 74' lang='lat' dir='ltr'>suspiravi</span> <span class='ocrx_word' id='word_1_12' title='bbox 563 421 626 466; x_wconf 90' lang='lat' dir='ltr'>rum</span> <span class='ocrx_word' id='word_1_13' title='bbox 637 409 760 468; x_wconf 86' lang='lat' dir='ltr'>riderem</span> <span class='ocrx_word' id='word_1_14' title='bbox 770 399 859 466; x_wconf 75' lang='lat' dir='ltr'>virum</span> <span class='ocrx_word' id='word_1_15' title='bbox 872 413 901 473; x_wconf 77' lang='grc' dir='ltr'>Α</span> <span class='ocrx_word' id='word_1_16' title='bbox 912 409 1096 468; x_wconf 84' lang='lat' dir='ltr'>adulescentia</span> <span class='ocrx_word' id='word_1_17' title='bbox 1109 422 1171 467; x_wconf 91' lang='lat' dir='ltr'>mea</span> <span class='ocrx_word' id='word_1_18' title='bbox 1179 408 1353 467; x_wconf 89' lang='lat' dir='ltr'>enutriebam</span> <span class='ocrx_word' id='word_1_19' title='bbox 1368 409 1446 482; x_wconf 78' lang='lat' dir='ltr'>nicasi</span> <span class='ocrx_word' id='word_1_20' title='bbox 1461 416 1540 483; x_wconf 87' lang='lat' dir='ltr'>pater</span> <span class='ocrx_word' id='word_1_21' title='bbox 1553 414 1587 482; x_wconf 63' lang='lat' dir='ltr'>br(</span> <span class='ocrx_word' id='word_1_22' title='bbox 1602 411 1613 452; x_wconf 76' lang='lat'><strong><em>¹</em></strong></span> <span class='ocrx_word' id='word_1_23' title='bbox 1629 422 1658 472; x_wconf 86' lang='lat' dir='ltr'>ct</span> <span class='ocrx_word' id='word_1_24' title='bbox 1671 414 1707 474; x_wconf 80' lang='lat' dir='ltr'>dn</span> 
     </span>
     <span class='ocr_line' id='line_1_4' title="bbox 68 502 1706 578; baseline 0 -12"><span class='ocrx_word' id='word_1_25' title='bbox 68 509 91 566; x_wconf 90' lang='lat' dir='ltr'>in</span> <span class='ocrx_word' id='word_1_26' title='bbox 102 505 320 566; x_wconf 83' lang='lat' dir='ltr'>necessitatibus.</span> <span class='ocrx_word' id='word_1_27' title='bbox 347 505 404 577; x_wconf 71' lang='lat' dir='ltr'>Epo</span> <span class='ocrx_word' id='word_1_28' title='bbox 423 503 496 561; x_wconf 86' lang='lat' dir='ltr'>bona</span> <span class='ocrx_word' id='word_1_29' title='bbox 514 502 704 576; x_wconf 89' lang='lat' dir='ltr'>praestolabar.</span> <span class='ocrx_word' id='word_1_30' title='bbox 726 503 798 560; x_wconf 81' lang='lat' dir='ltr'>Eece</span> <span class='ocrx_word' id='word_1_31' title='bbox 812 517 859 560; x_wconf 88' lang='lat' dir='ltr'>oc·</span> <span class='ocrx_word' id='word_1_32' title='bbox 910 513 1007 562; x_wconf 86' lang='lat' dir='ltr'>ventre</span> <span class='ocrx_word' id='word_1_33' title='bbox 1019 503 1116 562; x_wconf 88' lang='lat' dir='ltr'>matris</span> <span class='ocrx_word' id='word_1_34' title='bbox 1131 519 1202 562; x_wconf 81' lang='lat' dir='ltr'>mee</span> <span class='ocrx_word' id='word_1_35' title='bbox 1213 503 1269 561; x_wconf 83' lang='lat' dir='ltr'>dnn</span> <span class='ocrx_word' id='word_1_36' title='bbox 1288 504 1329 562; x_wconf 91' lang='lat' dir='ltr'>eis</span> <span class='ocrx_word' id='word_1_37' title='bbox 1344 504 1381 560; x_wconf 93' lang='lat' dir='ltr'>lni</span> <span class='ocrx_word' id='word_1_38' title='bbox 1397 504 1408 574; x_wconf 74' lang='grc' dir='ltr'>ζ</span> <span class='ocrx_word' id='word_1_39' title='bbox 1425 512 1474 560; x_wconf 92' lang='lat' dir='ltr'>ant</span> <span class='ocrx_word' id='word_1_40' title='bbox 1490 504 1515 562; x_wconf 87' lang='lat' dir='ltr'>vi</span> <span class='ocrx_word' id='word_1_41' title='bbox 1524 504 1639 578; x_wconf 86' lang='lat' dir='ltr'>despexi</span> <span class='ocrx_word' id='word_1_42' title='bbox 1651 522 1706 566; x_wconf 91' lang='lat' dir='ltr'>nn·</span> 
     </span>
     <span class='ocr_line' id='line_1_5' title="bbox 70 593 1706 668; baseline -0.001 -10"><span class='ocrx_word' id='word_1_43' title='bbox 70 606 200 658; x_wconf 75' lang='lat' dir='ltr'>currerunt</span> <span class='ocrx_word' id='word_1_44' title='bbox 222 597 294 654; x_wconf 81' lang='lat' dir='ltr'>miili</span> <span class='ocrx_word' id='word_1_45' title='bbox 318 597 407 668; x_wconf 71' lang='lat' dir='ltr'>magis</span> <span class='ocrx_word' id='word_1_46' title='bbox 429 595 490 654; x_wconf 87' lang='lat' dir='ltr'>dies</span> <span class='ocrx_word' id='word_1_47' title='bbox 513 594 658 652; x_wconf 82' lang='lat' dir='ltr'>curatorum.</span> <span class='ocrx_word' id='word_1_48' title='bbox 679 597 712 664; x_wconf 65' lang='lat' dir='ltr'>is&lt;</span> <span class='ocrx_word' id='word_1_49' title='bbox 727 603 740 632; x_wconf 69' lang='grc' dir='ltr'>ι</span> <span class='ocrx_word' id='word_1_50' title='bbox 758 593 859 652; x_wconf 83' lang='lat' dir='ltr'>Venter</span> <span class='ocrx_word' id='word_1_51' title='bbox 908 595 973 653; x_wconf 91' lang='lat' dir='ltr'>dum</span> <span class='ocrx_word' id='word_1_52' title='bbox 998 605 1171 668; x_wconf 88' lang='lat' dir='ltr'>pereuntem,</span> <span class='ocrx_word' id='word_1_53' title='bbox 1185 605 1214 655; x_wconf 91' lang='lat' dir='ltr'>et</span> <span class='ocrx_word' id='word_1_54' title='bbox 1228 612 1283 654; x_wconf 95' lang='lat' dir='ltr'>non</span> <span class='ocrx_word' id='word_1_55' title='bbox 1299 595 1395 668; x_wconf 90' lang='lat' dir='ltr'>operui</span> <span class='ocrx_word' id='word_1_56' title='bbox 1411 601 1461 666; x_wconf 78' lang='grc' dir='ltr'>)κ,</span> <span class='ocrx_word' id='word_1_57' title='bbox 1486 611 1541 654; x_wconf 93' lang='lat' dir='ltr'>non</span> <span class='ocrx_word' id='word_1_58' title='bbox 1556 596 1706 658; x_wconf 78' lang='lat' dir='ltr'>habentem</span> 
     </span>
     <span class='ocr_line' id='line_1_6' title="bbox 71 687 1706 762; baseline -0.003 -7"><span class='ocrx_word' id='word_1_59' title='bbox 71 691 331 760; x_wconf 66' lang='lat' dir='ltr'>messuerimus</span> <span class='ocrx_word' id='word_1_60' title='bbox 344 707 398 748; x_wconf 92' lang='lat' dir='ltr'>nou</span> <span class='ocrx_word' id='word_1_61' title='bbox 413 687 524 747; x_wconf 88' lang='lat' dir='ltr'>tacebit.</span> <span class='ocrx_word' id='word_1_62' title='bbox 542 691 576 758; x_wconf 67' lang='lat' dir='ltr'>it(</span> <span class='ocrx_word' id='word_1_63' title='bbox 589 687 799 760; x_wconf 84' lang='lat' dir='ltr'>occupaverunt</span> <span class='ocrx_word' id='word_1_64' title='bbox 814 702 858 746; x_wconf 86' lang='lat' dir='ltr'>mu</span> <span class='ocrx_word' id='word_1_65' title='bbox 907 688 1031 746; x_wconf 85' lang='lat' dir='ltr'>velamen</span> <span class='ocrx_word' id='word_1_66' title='bbox 1046 688 1057 760; x_wconf 74' lang='grc' dir='ltr'>ζ</span> <span class='ocrx_word' id='word_1_67' title='bbox 1072 688 1244 747; x_wconf 84' lang='lat' dir='ltr'>intirmorum</span> <span class='ocrx_word' id='word_1_68' title='bbox 1256 705 1322 747; x_wconf 89' lang='lat' dir='ltr'>rero</span> <span class='ocrx_word' id='word_1_69' title='bbox 1331 690 1355 746; x_wconf 88' lang='lat' dir='ltr'>si</span> <span class='ocrx_word' id='word_1_70' title='bbox 1366 704 1421 748; x_wconf 93' lang='lat' dir='ltr'>non</span> <span class='ocrx_word' id='word_1_71' title='bbox 1430 690 1706 762; x_wconf 80' lang='lat' dir='ltr'>benedixernotmibi</span> 
     </span>
     <span class='ocr_line' id='line_1_7' title="bbox 73 777 1707 857; baseline 0 -13"><span class='ocrx_word' id='word_1_72' title='bbox 73 785 120 844; x_wconf 81' lang='lat' dir='ltr'>lie</span> <span class='ocrx_word' id='word_1_73' title='bbox 130 784 228 857; x_wconf 76' lang='lat' dir='ltr'>inopias</span> <span class='ocrx_word' id='word_1_74' title='bbox 246 782 258 853; x_wconf 75' lang='grc' dir='ltr'>ζ</span> <span class='ocrx_word' id='word_1_75' title='bbox 273 782 394 842; x_wconf 83' lang='lat' dir='ltr'>Gemens</span> <span class='ocrx_word' id='word_1_76' title='bbox 407 779 507 840; x_wconf 86' lang='lat' dir='ltr'>incessi</span> <span class='ocrx_word' id='word_1_77' title='bbox 520 779 580 840; x_wconf 88' lang='lat' dir='ltr'>sinu</span> <span class='ocrx_word' id='word_1_78' title='bbox 593 777 608 819; x_wconf 60' lang='grc' dir='ltr'>ι</span> <span class='ocrx_word' id='word_1_79' title='bbox 621 781 741 850; x_wconf 88' lang='lat' dir='ltr'>silentio,</span> <span class='ocrx_word' id='word_1_80' title='bbox 752 788 781 838; x_wconf 90' lang='lat' dir='ltr'>ot</span> <span class='ocrx_word' id='word_1_81' title='bbox 794 779 857 838; x_wconf 87' lang='lat' dir='ltr'>steti</span> <span class='ocrx_word' id='word_1_82' title='bbox 908 779 1027 851; x_wconf 86' lang='lat' dir='ltr'>bnmcri,</span> <span class='ocrx_word' id='word_1_83' title='bbox 1041 790 1071 840; x_wconf 87' lang='lat' dir='ltr'>et</span> <span class='ocrx_word' id='word_1_84' title='bbox 1081 781 1118 840; x_wconf 85' lang='lat' dir='ltr'>de</span> <span class='ocrx_word' id='word_1_85' title='bbox 1130 791 1240 840; x_wconf 90' lang='lat' dir='ltr'>tonsura</span> <span class='ocrx_word' id='word_1_86' title='bbox 1253 783 1346 840; x_wconf 85' lang='lat' dir='ltr'>onium</span> <span class='ocrx_word' id='word_1_87' title='bbox 1358 797 1480 841; x_wconf 81' lang='lat' dir='ltr'>mearunt</span> <span class='ocrx_word' id='word_1_88' title='bbox 1494 784 1620 843; x_wconf 74' lang='lat' dir='ltr'>calefacti</span> <span class='ocrx_word' id='word_1_89' title='bbox 1630 795 1707 844; x_wconf 89' lang='lat' dir='ltr'>suut.</span> 
     </span>
     <span class='ocr_line' id='line_1_8' title="bbox 73 861 1754 949; baseline -0.002 -9"><span class='ocrx_word' id='word_1_90' title='bbox 73 882 96 940; x_wconf 85' lang='lat' dir='ltr'>ia</span> <span class='ocrx_word' id='word_1_91' title='bbox 106 889 171 938; x_wconf 86' lang='lat' dir='ltr'>cmlu</span> <span class='ocrx_word' id='word_1_92' title='bbox 185 877 320 936; x_wconf 81' lang='lat' dir='ltr'>olamans.</span> <span class='ocrx_word' id='word_1_93' title='bbox 335 875 434 934; x_wconf 77' lang='lat' dir='ltr'>Frater</span> <span class='ocrx_word' id='word_1_94' title='bbox 455 873 543 933; x_wconf 85' lang='lat' dir='ltr'>iactus</span> <span class='ocrx_word' id='word_1_95' title='bbox 564 887 626 932; x_wconf 87' lang='lat' dir='ltr'>sum</span> <span class='ocrx_word' id='word_1_96' title='bbox 647 873 815 945; x_wconf 75' lang='lat' dir='ltr'>sirenarum,</span> <span class='ocrx_word' id='word_1_97' title='bbox 829 883 858 932; x_wconf 90' lang='lat' dir='ltr'>et</span> <span class='ocrx_word' id='word_1_98' title='bbox 908 873 937 948; x_wconf 77' lang='lat' dir='ltr'>Si</span> <span class='ocrx_word' id='word_1_99' title='bbox 953 875 1041 932; x_wconf 85' lang='lat' dir='ltr'>levavi</span> <span class='ocrx_word' id='word_1_100' title='bbox 1063 890 1147 947; x_wconf 91' lang='lat' dir='ltr'>snper</span> <span class='ocrx_word' id='word_1_101' title='bbox 1160 876 1294 948; x_wconf 91' lang='lat' dir='ltr'>pupillum</span> <span class='ocrx_word' id='word_1_102' title='bbox 1309 891 1421 934; x_wconf 89' lang='lat' dir='ltr'>manum</span> <span class='ocrx_word' id='word_1_103' title='bbox 1434 881 1469 946; x_wconf 60' lang='lat' dir='ltr'>a(</span> <span class='ocrx_word' id='word_1_104' title='bbox 1482 891 1571 934; x_wconf 90' lang='lat' dir='ltr'>meam</span> <span class='ocrx_word' id='word_1_105' title='bbox 1590 878 1601 949; x_wconf 73' lang='grc' dir='ltr'>ζ</span> <span class='ocrx_word' id='word_1_106' title='bbox 1618 878 1707 938; x_wconf 82' lang='lat' dir='ltr'>tideus</span> <span class='ocrx_word' id='word_1_107' title='bbox 1746 861 1754 875; x_wconf 77' lang='grc'><em>’</em></span> 
     </span>
     <span class='ocr_line' id='line_1_9' title="bbox 72 966 1707 1044; baseline 0 -14"><span class='ocrx_word' id='word_1_108' title='bbox 72 976 162 1030; x_wconf 87' lang='lat' dir='ltr'>amicus</span> <span class='ocrx_word' id='word_1_109' title='bbox 172 971 290 1027; x_wconf 80' lang='lat' dir='ltr'>iliarum</span> <span class='ocrx_word' id='word_1_110' title='bbox 302 967 497 1028; x_wconf 73' lang='lat' dir='ltr'>siruthionum.</span> <span class='ocrx_word' id='word_1_111' title='bbox 510 966 590 1025; x_wconf 82' lang='lat' dir='ltr'>Cutis</span> <span class='ocrx_word' id='word_1_112' title='bbox 599 982 659 1026; x_wconf 89' lang='lat' dir='ltr'>mea</span> <span class='ocrx_word' id='word_1_113' title='bbox 670 967 805 1040; x_wconf 70' lang='lat' dir='ltr'>innigrata</span> <span class='ocrx_word' id='word_1_114' title='bbox 815 976 859 1024; x_wconf 89' lang='lat' dir='ltr'>est</span> <span class='ocrx_word' id='word_1_115' title='bbox 907 968 971 1042; x_wconf 80' lang='lat' dir='ltr'>quia</span> <span class='ocrx_word' id='word_1_116' title='bbox 984 969 1100 1029; x_wconf 92' lang='lat' dir='ltr'>muitum</span> <span class='ocrx_word' id='word_1_117' title='bbox 1109 970 1227 1029; x_wconf 87' lang='lat' dir='ltr'>estmilni</span> <span class='ocrx_word' id='word_1_118' title='bbox 1242 970 1421 1044; x_wconf 76' lang='lat' dir='ltr'>adjutorium,</span> <span class='ocrx_word' id='word_1_119' title='bbox 1441 970 1565 1029; x_wconf 86' lang='lat' dir='ltr'>discedat</span> <span class='ocrx_word' id='word_1_120' title='bbox 1580 981 1594 1023; x_wconf 78' lang='grc' dir='ltr'>ι</span> <span class='ocrx_word' id='word_1_121' title='bbox 1609 975 1707 1032; x_wconf 80' lang='lat' dir='ltr'>hume·</span> 
     </span>
     <span class='ocr_line' id='line_1_10' title="bbox 72 1058 1708 1134; baseline 0 -12"><span class='ocrx_word' id='word_1_122' title='bbox 72 1065 152 1132; x_wconf 86' lang='lat' dir='ltr'>ualde,</span> <span class='ocrx_word' id='word_1_123' title='bbox 162 1071 192 1121; x_wconf 89' lang='lat' dir='ltr'>et</span> <span class='ocrx_word' id='word_1_124' title='bbox 203 1077 267 1118; x_wconf 87' lang='lat' dir='ltr'>ossa</span> <span class='ocrx_word' id='word_1_125' title='bbox 278 1076 340 1120; x_wconf 90' lang='lat' dir='ltr'>mea</span> <span class='ocrx_word' id='word_1_126' title='bbox 351 1065 386 1132; x_wconf 55' lang='lat' dir='ltr'>&gt;m</span> <span class='ocrx_word' id='word_1_127' title='bbox 395 1059 464 1118; x_wconf 84' lang='lat' dir='ltr'>irira</span> <span class='ocrx_word' id='word_1_128' title='bbox 474 1070 538 1118; x_wconf 90' lang='lat' dir='ltr'>sunt</span> <span class='ocrx_word' id='word_1_129' title='bbox 550 1058 563 1130; x_wconf 73' lang='grc' dir='ltr'>ζ</span> <span class='ocrx_word' id='word_1_130' title='bbox 574 1060 610 1116; x_wconf 89' lang='lat' dir='ltr'>ab</span> <span class='ocrx_word' id='word_1_131' title='bbox 624 1067 703 1118; x_wconf 78' lang='lat' dir='ltr'>astu.</span> <span class='ocrx_word' id='word_1_132' title='bbox 715 1059 800 1116; x_wconf 71' lang='lat' dir='ltr'>Versa</span> <span class='ocrx_word' id='word_1_133' title='bbox 815 1071 858 1118; x_wconf 87' lang='lat' dir='ltr'>esu</span> <span class='ocrx_word' id='word_1_134' title='bbox 908 1075 956 1118; x_wconf 88' lang='lat' dir='ltr'>rna</span> <span class='ocrx_word' id='word_1_135' title='bbox 969 1074 1047 1118; x_wconf 92' lang='lat' dir='ltr'>mens</span> <span class='ocrx_word' id='word_1_136' title='bbox 1056 1075 1072 1116; x_wconf 94' lang='lat' dir='ltr'>a</span> <span class='ocrx_word' id='word_1_137' title='bbox 1082 1061 1179 1134; x_wconf 69' lang='lat' dir='ltr'>jugulo</span> <span class='ocrx_word' id='word_1_138' title='bbox 1197 1077 1269 1130; x_wconf 88' lang='lat' dir='ltr'>meo,</span> <span class='ocrx_word' id='word_1_139' title='bbox 1281 1074 1308 1119; x_wconf 89' lang='grc' dir='ltr'>ιι</span> <span class='ocrx_word' id='word_1_140' title='bbox 1321 1061 1464 1120; x_wconf 86' lang='lat' dir='ltr'>braebinm</span> <span class='ocrx_word' id='word_1_141' title='bbox 1478 1079 1568 1121; x_wconf 90' lang='lat' dir='ltr'>meum</span> <span class='ocrx_word' id='word_1_142' title='bbox 1585 1079 1600 1120; x_wconf 95' lang='lat' dir='ltr'>a</span> <span class='ocrx_word' id='word_1_143' title='bbox 1614 1065 1708 1124; x_wconf 84' lang='lat' dir='ltr'>cubito</span> 
     </span>
     <span class='ocr_line' id='line_1_11' title="bbox 72 1151 1709 1229; baseline -0.002 -11"><span class='ocrx_word' id='word_1_144' title='bbox 72 1156 318 1218; x_wconf 87' lang='lat' dir='ltr'>inlurtnmeitbara</span> <span class='ocrx_word' id='word_1_145' title='bbox 329 1170 402 1226; x_wconf 89' lang='lat' dir='ltr'>mea,</span> <span class='ocrx_word' id='word_1_146' title='bbox 413 1164 441 1214; x_wconf 86' lang='lat' dir='ltr'>et</span> <span class='ocrx_word' id='word_1_147' title='bbox 450 1155 572 1228; x_wconf 85' lang='lat' dir='ltr'>psalmus</span> <span class='ocrx_word' id='word_1_148' title='bbox 582 1169 659 1212; x_wconf 85' lang='grc' dir='ltr'>ιιιιιιι</span> <span class='ocrx_word' id='word_1_149' title='bbox 670 1154 698 1212; x_wconf 92' lang='lat' dir='ltr'>in</span> <span class='ocrx_word' id='word_1_150' title='bbox 708 1151 813 1212; x_wconf 85' lang='lat' dir='ltr'>delum.</span> <span class='ocrx_word' id='word_1_151' title='bbox 823 1159 857 1224; x_wconf 58' lang='lat' dir='ltr'>iv(</span> <span class='ocrx_word' id='word_1_152' title='bbox 908 1167 972 1210; x_wconf 87' lang='lat' dir='ltr'>meo</span> <span class='ocrx_word' id='word_1_153' title='bbox 984 1163 1156 1222; x_wconf 89' lang='lat' dir='ltr'>conteratur.</span> <span class='ocrx_word' id='word_1_154' title='bbox 1171 1153 1265 1212; x_wconf 84' lang='lat' dir='ltr'>Timor</span> <span class='ocrx_word' id='word_1_155' title='bbox 1279 1155 1353 1211; x_wconf 83' lang='lat' dir='ltr'>enim</span> <span class='ocrx_word' id='word_1_156' title='bbox 1368 1154 1478 1212; x_wconf 81' lang='lat' dir='ltr'>Domini</span> <span class='ocrx_word' id='word_1_157' title='bbox 1493 1154 1556 1229; x_wconf 82' lang='lat' dir='ltr'>[tt.</span> <span class='ocrx_word' id='word_1_158' title='bbox 1572 1164 1640 1214; x_wconf 81' lang='lat' dir='ltr'>tacet</span> <span class='ocrx_word' id='word_1_159' title='bbox 1653 1158 1709 1214; x_wconf 87' lang='lat' dir='ltr'>llo·</span> 
     </span>
     <span class='ocr_line' id='line_1_12' title="bbox 74 1244 1711 1324; baseline 0 -18"><span class='ocrx_word' id='word_1_160' title='bbox 74 1249 139 1324; x_wconf 81' lang='lat' dir='ltr'>[Cup.</span> <span class='ocrx_word' id='word_1_161' title='bbox 152 1249 266 1324; x_wconf 74' lang='lat' dir='ltr'>tiliis]</span> <span class='ocrx_word' id='word_1_162' title='bbox 280 1249 485 1306; x_wconf 81' lang='lat' dir='ltr'>Testamentum</span> <span class='ocrx_word' id='word_1_163' title='bbox 500 1247 552 1306; x_wconf 81' lang='lat' dir='ltr'>leci</span> <span class='ocrx_word' id='word_1_164' title='bbox 564 1248 651 1306; x_wconf 83' lang='lat' dir='ltr'>oeulis</span> <span class='ocrx_word' id='word_1_165' title='bbox 661 1249 738 1316; x_wconf 86' lang='lat' dir='ltr'>meis,</span> <span class='ocrx_word' id='word_1_166' title='bbox 755 1253 788 1318; x_wconf 61' lang='lat' dir='ltr'>ba(</span> <span class='ocrx_word' id='word_1_167' title='bbox 805 1257 858 1306; x_wconf 70' lang='lat' dir='ltr'>eel</span> <span class='ocrx_word' id='word_1_168' title='bbox 908 1244 994 1318; x_wconf 78' lang='lat' dir='ltr'>mirri]</span> <span class='ocrx_word' id='word_1_169' title='bbox 1007 1245 1142 1302; x_wconf 84' lang='lat' dir='ltr'>corntiuuit</span> <span class='ocrx_word' id='word_1_170' title='bbox 1157 1262 1211 1313; x_wconf 88' lang='lat' dir='ltr'>me,</span> <span class='ocrx_word' id='word_1_171' title='bbox 1229 1249 1263 1316; x_wconf 59' lang='lat' dir='ltr'>ps(</span> <span class='ocrx_word' id='word_1_172' title='bbox 1277 1255 1332 1302; x_wconf 91' lang='lat' dir='ltr'>eta</span> <span class='ocrx_word' id='word_1_173' title='bbox 1346 1246 1467 1318; x_wconf 88' lang='lat' dir='ltr'>pondere</span> <span class='ocrx_word' id='word_1_174' title='bbox 1482 1247 1543 1319; x_wconf 79' lang='lat' dir='ltr'>ejus</span> <span class='ocrx_word' id='word_1_175' title='bbox 1556 1264 1613 1306; x_wconf 95' lang='lat' dir='ltr'>non</span> <span class='ocrx_word' id='word_1_176' title='bbox 1627 1251 1711 1308; x_wconf 84' lang='lat' dir='ltr'>susci·</span> 
     </span>
     <span class='ocr_line' id='line_1_13' title="bbox 74 1333 1720 1418; baseline -0.001 -20"><span class='ocrx_word' id='word_1_177' title='bbox 74 1355 120 1398; x_wconf 93' lang='lat' dir='ltr'>nou</span> <span class='ocrx_word' id='word_1_178' title='bbox 130 1339 255 1412; x_wconf 80' lang='lat' dir='ltr'>captabo</span> <span class='ocrx_word' id='word_1_179' title='bbox 269 1337 305 1396; x_wconf 90' lang='lat' dir='ltr'>de</span> <span class='ocrx_word' id='word_1_180' title='bbox 317 1338 432 1412; x_wconf 72' lang='lat' dir='ltr'>virgine.</span> <span class='ocrx_word' id='word_1_181' title='bbox 446 1343 480 1408; x_wconf 53' lang='lat' dir='ltr'>bd,</span> <span class='ocrx_word' id='word_1_182' title='bbox 489 1339 524 1396; x_wconf 83' lang='lat' dir='ltr'>Et</span> <span class='ocrx_word' id='word_1_183' title='bbox 537 1355 597 1410; x_wconf 79' lang='lat' dir='ltr'>anm</span> <span class='ocrx_word' id='word_1_184' title='bbox 612 1349 655 1396; x_wconf 86' lang='lat' dir='ltr'>est</span> <span class='ocrx_word' id='word_1_185' title='bbox 667 1354 730 1410; x_wconf 87' lang='lat' dir='ltr'>pars</span> <span class='ocrx_word' id='word_1_186' title='bbox 740 1338 794 1396; x_wconf 87' lang='lat' dir='ltr'>alia</span> <span class='ocrx_word' id='word_1_187' title='bbox 807 1337 857 1396; x_wconf 81' lang='lat' dir='ltr'>net</span> <span class='ocrx_word' id='word_1_188' title='bbox 908 1336 990 1394; x_wconf 85' lang='lat' dir='ltr'>nebo.</span> <span class='ocrx_word' id='word_1_189' title='bbox 1003 1339 1037 1407; x_wconf 56' lang='lat'>3(</span> <span class='ocrx_word' id='word_1_190' title='bbox 1051 1334 1079 1393; x_wconf 89' lang='lat' dir='ltr'>Si</span> <span class='ocrx_word' id='word_1_191' title='bbox 1094 1336 1175 1409; x_wconf 88' lang='lat' dir='ltr'>posui</span> <span class='ocrx_word' id='word_1_192' title='bbox 1185 1333 1199 1374; x_wconf 83' lang='lat'>¹¹</span> <span class='ocrx_word' id='word_1_193' title='bbox 1210 1351 1307 1392; x_wconf 89' lang='lat' dir='ltr'>aarum</span> <span class='ocrx_word' id='word_1_194' title='bbox 1321 1338 1407 1394; x_wconf 89' lang='lat' dir='ltr'>robur</span> <span class='ocrx_word' id='word_1_195' title='bbox 1419 1352 1511 1394; x_wconf 89' lang='lat' dir='ltr'>meum</span> <span class='ocrx_word' id='word_1_196' title='bbox 1526 1339 1538 1409; x_wconf 74' lang='grc' dir='ltr'>ζ</span> <span class='ocrx_word' id='word_1_197' title='bbox 1554 1338 1628 1411; x_wconf 83' lang='lat' dir='ltr'>quod</span> <span class='ocrx_word' id='word_1_198' title='bbox 1640 1349 1669 1397; x_wconf 90' lang='lat' dir='ltr'>et</span> <span class='ocrx_word' id='word_1_199' title='bbox 1684 1339 1720 1418; x_wconf 64' lang='lat' dir='ltr'>si¹</span> 
     </span>
     <span class='ocr_line' id='line_1_14' title="bbox 72 1427 1707 1506; baseline -0.001 -15"><span class='ocrx_word' id='word_1_200' title='bbox 72 1433 227 1506; x_wconf 62' lang='lat' dir='ltr'>desuperpx</span> <span class='ocrx_word' id='word_1_201' title='bbox 239 1440 269 1489; x_wconf 85' lang='lat' dir='ltr'>st</span> <span class='ocrx_word' id='word_1_202' title='bbox 279 1432 426 1490; x_wconf 79' lang='lat' dir='ltr'>baereditas</span> <span class='ocrx_word' id='word_1_203' title='bbox 437 1431 676 1504; x_wconf 79' lang='lat' dir='ltr'>omnipotentisde</span> <span class='ocrx_word' id='word_1_204' title='bbox 687 1431 813 1489; x_wconf 84' lang='lat' dir='ltr'>excelsis.</span> <span class='ocrx_word' id='word_1_205' title='bbox 823 1435 857 1503; x_wconf 61' lang='lat' dir='ltr'>p(</span> <span class='ocrx_word' id='word_1_206' title='bbox 908 1428 937 1485; x_wconf 90' lang='lat' dir='ltr'>in</span> <span class='ocrx_word' id='word_1_207' title='bbox 957 1427 1048 1500; x_wconf 89' lang='lat' dir='ltr'>lapide</span> <span class='ocrx_word' id='word_1_208' title='bbox 1062 1431 1184 1501; x_wconf 85' lang='lat' dir='ltr'>pretioso</span> <span class='ocrx_word' id='word_1_209' title='bbox 1204 1427 1320 1484; x_wconf 88' lang='lat' dir='ltr'>lidebam</span> <span class='ocrx_word' id='word_1_210' title='bbox 1335 1428 1378 1485; x_wconf 82' lang='lat' dir='ltr'>:si</span> <span class='ocrx_word' id='word_1_211' title='bbox 1391 1440 1419 1486; x_wconf 89' lang='lat' dir='ltr'>et</span> <span class='ocrx_word' id='word_1_212' title='bbox 1433 1429 1540 1486; x_wconf 74' lang='lat' dir='ltr'>laetatus</span> <span class='ocrx_word' id='word_1_213' title='bbox 1560 1445 1622 1488; x_wconf 87' lang='lat' dir='ltr'>aum</span> <span class='ocrx_word' id='word_1_214' title='bbox 1643 1446 1707 1490; x_wconf 68' lang='lat' dir='ltr'>cum</span> 
     </span>
     <span class='ocr_line' id='line_1_15' title="bbox 71 1522 1709 1597; baseline 0 -14"><span class='ocrx_word' id='word_1_215' title='bbox 71 1525 154 1583; x_wconf 87' lang='lat' dir='ltr'>lionae</span> <span class='ocrx_word' id='word_1_216' title='bbox 166 1525 285 1597; x_wconf 88' lang='lat' dir='ltr'>perditio</span> <span class='ocrx_word' id='word_1_217' title='bbox 296 1526 351 1581; x_wconf 86' lang='lat' dir='ltr'>erit</span> <span class='ocrx_word' id='word_1_218' title='bbox 361 1523 465 1596; x_wconf 81' lang='lat' dir='ltr'>iniquo,</span> <span class='ocrx_word' id='word_1_219' title='bbox 480 1533 509 1583; x_wconf 90' lang='lat' dir='ltr'>et</span> <span class='ocrx_word' id='word_1_220' title='bbox 520 1523 684 1581; x_wconf 83' lang='lat' dir='ltr'>abalienatio</span> <span class='ocrx_word' id='word_1_221' title='bbox 694 1523 857 1582; x_wconf 84' lang='lat' dir='ltr'>iacientibus</span> <span class='ocrx_word' id='word_1_222' title='bbox 908 1532 983 1582; x_wconf 85' lang='lat' dir='ltr'>esset</span> <span class='ocrx_word' id='word_1_223' title='bbox 1002 1523 1069 1581; x_wconf 90' lang='lat' dir='ltr'>mibi</span> <span class='ocrx_word' id='word_1_224' title='bbox 1080 1538 1180 1582; x_wconf 86' lang='lat' dir='ltr'>cenans</span> <span class='ocrx_word' id='word_1_225' title='bbox 1192 1524 1305 1593; x_wconf 83' lang='lat' dir='ltr'>multus,</span> <span class='ocrx_word' id='word_1_226' title='bbox 1318 1525 1341 1580; x_wconf 91' lang='lat' dir='ltr'>si</span> <span class='ocrx_word' id='word_1_227' title='bbox 1354 1533 1382 1580; x_wconf 92' lang='lat' dir='ltr'>et</span> <span class='ocrx_word' id='word_1_228' title='bbox 1393 1524 1422 1580; x_wconf 95' lang='lat' dir='ltr'>in</span> <span class='ocrx_word' id='word_1_229' title='bbox 1438 1522 1446 1562; x_wconf 72' lang='lat' dir='ltr'>i</span> <span class='ocrx_word' id='word_1_230' title='bbox 1464 1525 1709 1585; x_wconf 74' lang='lat' dir='ltr'>innumerabilibus</span> 
     </span>
     <span class='ocr_line' id='line_1_16' title="bbox 72 1615 1709 1692; baseline -0.001 -15"><span class='ocrx_word' id='word_1_231' title='bbox 72 1619 249 1692; x_wconf 72' lang='lat' dir='ltr'>iniquitatem?</span> <span class='ocrx_word' id='word_1_232' title='bbox 267 1617 280 1688; x_wconf 73' lang='grc' dir='ltr'>ζ</span> <span class='ocrx_word' id='word_1_233' title='bbox 297 1617 396 1676; x_wconf 82' lang='lat' dir='ltr'>Nonne</span> <span class='ocrx_word' id='word_1_234' title='bbox 420 1617 479 1687; x_wconf 89' lang='lat' dir='ltr'>ipsu</span> <span class='ocrx_word' id='word_1_235' title='bbox 502 1615 606 1674; x_wconf 89' lang='lat' dir='ltr'>videbit</span> <span class='ocrx_word' id='word_1_236' title='bbox 626 1616 699 1672; x_wconf 89' lang='lat' dir='ltr'>viam</span> <span class='ocrx_word' id='word_1_237' title='bbox 715 1631 815 1685; x_wconf 88' lang='lat' dir='ltr'>meam,</span> <span class='ocrx_word' id='word_1_238' title='bbox 830 1625 859 1674; x_wconf 87' lang='lat' dir='ltr'>et</span> <span class='ocrx_word' id='word_1_239' title='bbox 908 1617 987 1690; x_wconf 87' lang='lat' dir='ltr'>posui</span> <span class='ocrx_word' id='word_1_240' title='bbox 1000 1631 1112 1674; x_wconf 89' lang='lat' dir='ltr'>manum</span> <span class='ocrx_word' id='word_1_241' title='bbox 1132 1631 1231 1676; x_wconf 85' lang='lat' dir='ltr'>meam.</span> <span class='ocrx_word' id='word_1_242' title='bbox 1244 1616 1286 1672; x_wconf 80' lang='lat' dir='ltr'>An</span> <span class='ocrx_word' id='word_1_243' title='bbox 1299 1631 1354 1672; x_wconf 91' lang='lat' dir='ltr'>non</span> <span class='ocrx_word' id='word_1_244' title='bbox 1366 1615 1491 1674; x_wconf 84' lang='lat' dir='ltr'>videmus</span> <span class='ocrx_word' id='word_1_245' title='bbox 1512 1617 1599 1674; x_wconf 84' lang='lat' dir='ltr'>solem</span> <span class='ocrx_word' id='word_1_246' title='bbox 1613 1620 1709 1676; x_wconf 91' lang='lat' dir='ltr'>lucen-</span> 
     </span>
     <span class='ocr_line' id='line_1_17' title="bbox 72 1709 1709 1785; baseline -0.001 -14"><span class='ocrx_word' id='word_1_247' title='bbox 72 1729 155 1771; x_wconf 86' lang='lat' dir='ltr'>omnes</span> <span class='ocrx_word' id='word_1_248' title='bbox 168 1727 281 1785; x_wconf 77' lang='lat' dir='ltr'>gressus</span> <span class='ocrx_word' id='word_1_249' title='bbox 303 1727 381 1768; x_wconf 90' lang='lat' dir='ltr'>meos</span> <span class='ocrx_word' id='word_1_250' title='bbox 402 1709 603 1767; x_wconf 73' lang='lat' dir='ltr'>dinumeravit?</span> <span class='ocrx_word' id='word_1_251' title='bbox 621 1709 652 1767; x_wconf 89' lang='lat' dir='ltr'>Si</span> <span class='ocrx_word' id='word_1_252' title='bbox 675 1709 773 1766; x_wconf 83' lang='lat' dir='ltr'>incessi</span> <span class='ocrx_word' id='word_1_253' title='bbox 794 1725 856 1766; x_wconf 87' lang='lat' dir='ltr'>curn</span> <span class='ocrx_word' id='word_1_254' title='bbox 909 1719 963 1768; x_wconf 91' lang='lat' dir='ltr'>lem</span> <span class='ocrx_word' id='word_1_255' title='bbox 977 1709 1108 1778; x_wconf 88' lang='lat' dir='ltr'>delicere,</span> <span class='ocrx_word' id='word_1_256' title='bbox 1118 1711 1248 1766; x_wconf 90' lang='lat' dir='ltr'>etlnnam</span> <span class='ocrx_word' id='word_1_257' title='bbox 1264 1711 1368 1767; x_wconf 86' lang='lat' dir='ltr'>minuii</span> <span class='ocrx_word' id='word_1_258' title='bbox 1381 1727 1435 1767; x_wconf 95' lang='lat' dir='ltr'>uon</span> <span class='ocrx_word' id='word_1_259' title='bbox 1447 1711 1520 1768; x_wconf 90' lang='lat' dir='ltr'>enirn</span> <span class='ocrx_word' id='word_1_260' title='bbox 1531 1712 1560 1768; x_wconf 92' lang='lat' dir='ltr'>in</span> <span class='ocrx_word' id='word_1_261' title='bbox 1573 1712 1639 1784; x_wconf 86' lang='lat' dir='ltr'>ipsis</span> <span class='ocrx_word' id='word_1_262' title='bbox 1653 1722 1709 1780; x_wconf 86' lang='lat' dir='ltr'>est,</span> 
     </span>
     <span class='ocr_line' id='line_1_18' title="bbox 74 1803 1709 1876; baseline -0.001 -12"><span class='ocrx_word' id='word_1_263' title='bbox 74 1808 230 1874; x_wconf 80' lang='lat' dir='ltr'>irrisoribus,</span> <span class='ocrx_word' id='word_1_264' title='bbox 245 1805 290 1864; x_wconf 87' lang='lat' dir='ltr'>rei</span> <span class='ocrx_word' id='word_1_265' title='bbox 300 1807 323 1864; x_wconf 91' lang='lat' dir='ltr'>si</span> <span class='ocrx_word' id='word_1_266' title='bbox 343 1805 482 1863; x_wconf 80' lang='lat' dir='ltr'>festinavit</span> <span class='ocrx_word' id='word_1_267' title='bbox 494 1803 632 1863; x_wconf 90' lang='lat' dir='ltr'>addulam</span> <span class='ocrx_word' id='word_1_268' title='bbox 644 1819 692 1876; x_wconf 90' lang='lat' dir='ltr'>pes</span> <span class='ocrx_word' id='word_1_269' title='bbox 706 1819 796 1870; x_wconf 89' lang='lat' dir='ltr'>meus,</span> <span class='ocrx_word' id='word_1_270' title='bbox 811 1820 859 1876; x_wconf 88' lang='lat' dir='ltr'>ap-</span> <span class='ocrx_word' id='word_1_271' title='bbox 873 1811 898 1873; x_wconf 74' lang='lat'>13</span> <span class='ocrx_word' id='word_1_272' title='bbox 912 1809 981 1874; x_wconf 55' lang='lat' dir='ltr'>&gt;aet</span> <span class='ocrx_word' id='word_1_273' title='bbox 990 1803 1135 1876; x_wconf 86' lang='lat' dir='ltr'>deeeptum</span> <span class='ocrx_word' id='word_1_274' title='bbox 1146 1805 1269 1862; x_wconf 84' lang='lat' dir='ltr'>esuriam</span> <span class='ocrx_word' id='word_1_275' title='bbox 1280 1819 1329 1861; x_wconf 88' lang='lat' dir='ltr'>cur</span> <span class='ocrx_word' id='word_1_276' title='bbox 1339 1819 1430 1862; x_wconf 90' lang='lat' dir='ltr'>meum</span> <span class='ocrx_word' id='word_1_277' title='bbox 1445 1803 1456 1873; x_wconf 72' lang='grc' dir='ltr'>ζ</span> <span class='ocrx_word' id='word_1_278' title='bbox 1468 1804 1546 1874; x_wconf 82' lang='lat' dir='ltr'>Quod</span> <span class='ocrx_word' id='word_1_279' title='bbox 1557 1806 1581 1862; x_wconf 86' lang='lat' dir='ltr'>si</span> <span class='ocrx_word' id='word_1_280' title='bbox 1591 1815 1619 1864; x_wconf 92' lang='lat' dir='ltr'>et</span> <span class='ocrx_word' id='word_1_281' title='bbox 1629 1821 1709 1864; x_wconf 84' lang='lat' dir='ltr'>oscu-</span> 
     </span>
     <span class='ocr_line' id='line_1_19' title="bbox 73 1894 1710 1972; baseline 0 -18"><span class='ocrx_word' id='word_1_282' title='bbox 73 1899 161 1972; x_wconf 86' lang='lat' dir='ltr'>pendat</span> <span class='ocrx_word' id='word_1_283' title='bbox 174 1915 218 1956; x_wconf 93' lang='lat' dir='ltr'>me</span> <span class='ocrx_word' id='word_1_284' title='bbox 232 1900 260 1954; x_wconf 90' lang='lat' dir='ltr'>in</span> <span class='ocrx_word' id='word_1_285' title='bbox 282 1905 384 1954; x_wconf 90' lang='lat' dir='ltr'>statera</span> <span class='ocrx_word' id='word_1_286' title='bbox 399 1895 565 1969; x_wconf 70' lang='lat' dir='ltr'>equissimo.</span> <span class='ocrx_word' id='word_1_287' title='bbox 588 1894 647 1952; x_wconf 85' lang='lat' dir='ltr'>Scit</span> <span class='ocrx_word' id='word_1_288' title='bbox 660 1905 752 1952; x_wconf 89' lang='lat' dir='ltr'>autom</span> <span class='ocrx_word' id='word_1_289' title='bbox 768 1894 859 1951; x_wconf 90' lang='lat' dir='ltr'>llomi-</span> <span class='ocrx_word' id='word_1_290' title='bbox 910 1896 981 1954; x_wconf 85' lang='lat' dir='ltr'>lalus</span> <span class='ocrx_word' id='word_1_291' title='bbox 993 1912 1055 1954; x_wconf 91' lang='lat' dir='ltr'>snm</span> <span class='ocrx_word' id='word_1_292' title='bbox 1065 1911 1177 1954; x_wconf 88' lang='lat' dir='ltr'>manum</span> <span class='ocrx_word' id='word_1_293' title='bbox 1188 1911 1278 1953; x_wconf 81' lang='lat' dir='ltr'>mmm</span> <span class='ocrx_word' id='word_1_294' title='bbox 1293 1910 1398 1968; x_wconf 86' lang='lat' dir='ltr'>ponens</span> <span class='ocrx_word' id='word_1_295' title='bbox 1410 1897 1445 1952; x_wconf 89' lang='lat' dir='ltr'>ad</span> <span class='ocrx_word' id='word_1_296' title='bbox 1459 1913 1490 1954; x_wconf 85' lang='lat' dir='ltr'>os</span> <span class='ocrx_word' id='word_1_297' title='bbox 1500 1912 1602 1968; x_wconf 85' lang='lat' dir='ltr'>menan,</span> <span class='ocrx_word' id='word_1_298' title='bbox 1619 1907 1647 1955; x_wconf 90' lang='lat' dir='ltr'>et</span> <span class='ocrx_word' id='word_1_299' title='bbox 1657 1899 1710 1957; x_wconf 85' lang='lat' dir='ltr'>boe</span> 
     </span>
     <span class='ocr_line' id='line_1_20' title="bbox 74 1985 1711 2064; baseline -0.001 -14"><span class='ocrx_word' id='word_1_300' title='bbox 74 2011 117 2050; x_wconf 92' lang='lat' dir='ltr'>nus</span> <span class='ocrx_word' id='word_1_301' title='bbox 130 1993 313 2050; x_wconf 88' lang='lat' dir='ltr'>innocentiam</span> <span class='ocrx_word' id='word_1_302' title='bbox 327 2005 427 2048; x_wconf 86' lang='lat' dir='ltr'>nream.</span> <span class='ocrx_word' id='word_1_303' title='bbox 439 1990 468 2047; x_wconf 87' lang='lat' dir='ltr'>st</span> <span class='ocrx_word' id='word_1_304' title='bbox 481 1987 595 2046; x_wconf 80' lang='lat' dir='ltr'>deduxit</span> <span class='ocrx_word' id='word_1_305' title='bbox 606 2003 653 2061; x_wconf 85' lang='lat' dir='ltr'>pes</span> <span class='ocrx_word' id='word_1_306' title='bbox 667 2003 745 2046; x_wconf 88' lang='lat' dir='ltr'>mens</span> <span class='ocrx_word' id='word_1_307' title='bbox 757 1987 792 2044; x_wconf 93' lang='lat' dir='ltr'>do</span> <span class='ocrx_word' id='word_1_308' title='bbox 803 1985 857 2054; x_wconf 88' lang='lat' dir='ltr'>via,</span> <span class='ocrx_word' id='word_1_309' title='bbox 909 1990 977 2048; x_wconf 88' lang='lat' dir='ltr'>mihi</span> <span class='ocrx_word' id='word_1_310' title='bbox 992 1990 1026 2048; x_wconf 91' lang='lat' dir='ltr'>ad</span> <span class='ocrx_word' id='word_1_311' title='bbox 1038 2005 1164 2064; x_wconf 67' lang='lat' dir='ltr'>maguam</span> <span class='ocrx_word' id='word_1_312' title='bbox 1180 1988 1343 2061; x_wconf 73' lang='lat' dir='ltr'>iniustitiam</span> <span class='ocrx_word' id='word_1_313' title='bbox 1354 1999 1498 2061; x_wconf 87' lang='lat' dir='ltr'>reputetur</span> <span class='ocrx_word' id='word_1_314' title='bbox 1513 2008 1520 2046; x_wconf 79' lang='grc' dir='ltr'>ι</span> <span class='ocrx_word' id='word_1_315' title='bbox 1533 1992 1597 2062; x_wconf 80' lang='lat' dir='ltr'>quia</span> <span class='ocrx_word' id='word_1_316' title='bbox 1612 1995 1711 2049; x_wconf 83' lang='lat' dir='ltr'>aterni·</span> 
     </span>
     <span class='ocr_line' id='line_1_21' title="bbox 74 2080 1725 2167; baseline -0.001 -23"><span class='ocrx_word' id='word_1_317' title='bbox 74 2089 128 2144; x_wconf 87' lang='lat' dir='ltr'>etsi</span> <span class='ocrx_word' id='word_1_318' title='bbox 141 2097 266 2144; x_wconf 83' lang='lat' dir='ltr'>scrutum</span> <span class='ocrx_word' id='word_1_319' title='bbox 282 2093 327 2142; x_wconf 91' lang='lat' dir='ltr'>est</span> <span class='ocrx_word' id='word_1_320' title='bbox 348 2084 460 2142; x_wconf 91' lang='lat' dir='ltr'>oculum</span> <span class='ocrx_word' id='word_1_321' title='bbox 480 2097 529 2140; x_wconf 90' lang='lat' dir='ltr'>cor</span> <span class='ocrx_word' id='word_1_322' title='bbox 551 2098 654 2140; x_wconf 90' lang='lat' dir='ltr'>meum.</span> <span class='ocrx_word' id='word_1_323' title='bbox 680 2081 708 2138; x_wconf 87' lang='lat' dir='ltr'>Si</span> <span class='ocrx_word' id='word_1_324' title='bbox 733 2080 859 2138; x_wconf 87' lang='lat' dir='ltr'>manibus</span> <span class='ocrx_word' id='word_1_325' title='bbox 910 2095 956 2144; x_wconf 87' lang='lat' dir='ltr'>tus</span> <span class='ocrx_word' id='word_1_326' title='bbox 969 2101 1029 2164; x_wconf 76' lang='lat' dir='ltr'>snm</span> <span class='ocrx_word' id='word_1_327' title='bbox 1045 2087 1072 2142; x_wconf 90' lang='lat' dir='ltr'>in</span> <span class='ocrx_word' id='word_1_328' title='bbox 1089 2096 1269 2157; x_wconf 75' lang='lat' dir='ltr'>conspectum</span> <span class='ocrx_word' id='word_1_329' title='bbox 1285 2084 1396 2141; x_wconf 84' lang='lat' dir='ltr'>bocnini</span> <span class='ocrx_word' id='word_1_330' title='bbox 1412 2084 1527 2142; x_wconf 81' lang='lat' dir='ltr'>excelsi.</span> <span class='ocrx_word' id='word_1_331' title='bbox 1546 2086 1625 2156; x_wconf 83' lang='lat' dir='ltr'>Quod</span> <span class='ocrx_word' id='word_1_332' title='bbox 1645 2087 1669 2143; x_wconf 87' lang='lat' dir='ltr'>ai</span> <span class='ocrx_word' id='word_1_333' title='bbox 1682 2097 1725 2167; x_wconf 81' lang='lat' dir='ltr'>et¹</span> 
     </span>
     <span class='ocr_line' id='line_1_22' title="bbox 75 2173 1713 2251; baseline 0.001 -16"><span class='ocrx_word' id='word_1_334' title='bbox 75 2179 132 2236; x_wconf 87' lang='lat' dir='ltr'>nois</span> <span class='ocrx_word' id='word_1_335' title='bbox 150 2177 224 2251; x_wconf 71' lang='lat' dir='ltr'>tetigi</span> <span class='ocrx_word' id='word_1_336' title='bbox 246 2192 374 2247; x_wconf 87' lang='lat' dir='ltr'>munera,</span> <span class='ocrx_word' id='word_1_337' title='bbox 400 2190 506 2245; x_wconf 86' lang='lat' dir='ltr'>seram,</span> <span class='ocrx_word' id='word_1_338' title='bbox 531 2184 561 2232; x_wconf 92' lang='lat' dir='ltr'>ct</span> <span class='ocrx_word' id='word_1_339' title='bbox 581 2175 626 2232; x_wconf 87' lang='lat' dir='ltr'>ulii</span> <span class='ocrx_word' id='word_1_340' title='bbox 651 2173 758 2231; x_wconf 81' lang='lat' dir='ltr'>fructus</span> <span class='ocrx_word' id='word_1_341' title='bbox 782 2188 859 2231; x_wconf 89' lang='lat' dir='ltr'>meos</span> <span class='ocrx_word' id='word_1_342' title='bbox 909 2179 1020 2250; x_wconf 68' lang='lat' dir='ltr'>gavisus</span> <span class='ocrx_word' id='word_1_343' title='bbox 1034 2192 1096 2236; x_wconf 87' lang='lat' dir='ltr'>snm</span> <span class='ocrx_word' id='word_1_344' title='bbox 1113 2193 1200 2251; x_wconf 91' lang='lat' dir='ltr'>super</span> <span class='ocrx_word' id='word_1_345' title='bbox 1216 2179 1294 2236; x_wconf 91' lang='lat' dir='ltr'>ruina</span> <span class='ocrx_word' id='word_1_346' title='bbox 1312 2177 1418 2234; x_wconf 87' lang='lat' dir='ltr'>inimici</span> <span class='ocrx_word' id='word_1_347' title='bbox 1438 2177 1506 2246; x_wconf 92' lang='lat' dir='ltr'>mei,</span> <span class='ocrx_word' id='word_1_348' title='bbox 1528 2191 1556 2236; x_wconf 89' lang='lat' dir='ltr'>et</span> <span class='ocrx_word' id='word_1_349' title='bbox 1570 2180 1641 2236; x_wconf 82' lang='lat' dir='ltr'>dixit</span> <span class='ocrx_word' id='word_1_350' title='bbox 1663 2195 1713 2238; x_wconf 90' lang='lat' dir='ltr'>cor</span> 
     </span>
     <span class='ocr_line' id='line_1_23' title="bbox 74 2267 1712 2342; baseline 0.001 -13"><span class='ocrx_word' id='word_1_351' title='bbox 74 2272 158 2341; x_wconf 89' lang='lat' dir='ltr'>edant;</span> <span class='ocrx_word' id='word_1_352' title='bbox 171 2273 232 2328; x_wconf 91' lang='lat' dir='ltr'>sine</span> <span class='ocrx_word' id='word_1_353' title='bbox 244 2273 334 2342; x_wconf 89' lang='lat' dir='ltr'>stirpe</span> <span class='ocrx_word' id='word_1_354' title='bbox 348 2269 400 2326; x_wconf 84' lang='lat' dir='ltr'>sim</span> <span class='ocrx_word' id='word_1_355' title='bbox 412 2283 496 2342; x_wconf 87' lang='lat' dir='ltr'>super</span> <span class='ocrx_word' id='word_1_356' title='bbox 509 2275 621 2326; x_wconf 89' lang='lat' dir='ltr'>terram.</span> <span class='ocrx_word' id='word_1_357' title='bbox 638 2267 666 2326; x_wconf 83' lang='lat' dir='ltr'>si</span> <span class='ocrx_word' id='word_1_358' title='bbox 680 2276 804 2325; x_wconf 89' lang='lat' dir='ltr'>secutum</span> <span class='ocrx_word' id='word_1_359' title='bbox 817 2278 860 2326; x_wconf 91' lang='lat' dir='ltr'>est</span> <span class='ocrx_word' id='word_1_360' title='bbox 907 2284 1013 2340; x_wconf 89' lang='lat' dir='ltr'>meum,</span> <span class='ocrx_word' id='word_1_361' title='bbox 1038 2268 1215 2328; x_wconf 81' lang='lat' dir='ltr'>beneiaacan</span> <span class='ocrx_word' id='word_1_362' title='bbox 1232 2278 1276 2327; x_wconf 86' lang='grc' dir='ltr'>ιιι</span> <span class='ocrx_word' id='word_1_363' title='bbox 1290 2286 1298 2328; x_wconf 79' lang='lat' dir='ltr'>c</span> <span class='ocrx_word' id='word_1_364' title='bbox 1310 2269 1404 2327; x_wconf 86' lang='lat' dir='ltr'>audiat</span> <span class='ocrx_word' id='word_1_365' title='bbox 1423 2271 1499 2326; x_wconf 88' lang='lat' dir='ltr'>auris</span> <span class='ocrx_word' id='word_1_366' title='bbox 1520 2285 1581 2327; x_wconf 84' lang='lat' dir='ltr'>mea</span> <span class='ocrx_word' id='word_1_367' title='bbox 1596 2271 1712 2330; x_wconf 88' lang='lat' dir='ltr'>maledi·</span> 
     </span>
     <span class='ocr_line' id='line_1_24' title="bbox 73 2359 1712 2435; baseline -0.001 -12"><span class='ocrx_word' id='word_1_368' title='bbox 73 2379 211 2423; x_wconf 81' lang='lat' dir='ltr'>corrosum</span> <span class='ocrx_word' id='word_1_369' title='bbox 228 2362 386 2432; x_wconf 87' lang='lat' dir='ltr'>mulierem,</span> <span class='ocrx_word' id='word_1_370' title='bbox 400 2369 447 2418; x_wconf 92' lang='lat' dir='ltr'>aut</span> <span class='ocrx_word' id='word_1_371' title='bbox 460 2361 484 2418; x_wconf 89' lang='lat' dir='ltr'>si</span> <span class='ocrx_word' id='word_1_372' title='bbox 497 2359 593 2418; x_wconf 89' lang='lat' dir='ltr'>obsedi</span> <span class='ocrx_word' id='word_1_373' title='bbox 606 2361 704 2432; x_wconf 81' lang='lat' dir='ltr'>januas</span> <span class='ocrx_word' id='word_1_374' title='bbox 716 2360 787 2434; x_wconf 78' lang='lat' dir='ltr'>ejus,</span> <span class='ocrx_word' id='word_1_375' title='bbox 805 2361 859 2430; x_wconf 90' lang='lat' dir='ltr'>pla·</span> <span class='ocrx_word' id='word_1_376' title='bbox 910 2362 1028 2419; x_wconf 89' lang='lat' dir='ltr'>ctionem</span> <span class='ocrx_word' id='word_1_377' title='bbox 1040 2361 1361 2434; x_wconf 74' lang='lat' dir='ltr'>msamopprobriosim</span> <span class='ocrx_word' id='word_1_378' title='bbox 1372 2361 1712 2435; x_wconf 82' lang='lat' dir='ltr'>inmeopopulodiiiaura-</span> 
     </span>
     <span class='ocr_line' id='line_1_25' title="bbox 73 2451 1712 2530; baseline -0.001 -14"><span class='ocrx_word' id='word_1_379' title='bbox 73 2467 124 2516; x_wconf 86' lang='lat' dir='ltr'>caat</span> <span class='ocrx_word' id='word_1_380' title='bbox 135 2471 243 2530; x_wconf 77' lang='lat' dir='ltr'>quoquae</span> <span class='ocrx_word' id='word_1_381' title='bbox 260 2469 333 2512; x_wconf 82' lang='lat' dir='ltr'>uxor</span> <span class='ocrx_word' id='word_1_382' title='bbox 348 2469 409 2512; x_wconf 83' lang='lat' dir='ltr'>ntea</span> <span class='ocrx_word' id='word_1_383' title='bbox 423 2452 514 2522; x_wconf 87' lang='lat' dir='ltr'>alteri,</span> <span class='ocrx_word' id='word_1_384' title='bbox 529 2461 556 2511; x_wconf 90' lang='grc' dir='ltr'>ιι</span> <span class='ocrx_word' id='word_1_385' title='bbox 570 2451 619 2509; x_wconf 88' lang='lat' dir='ltr'>dlii</span> <span class='ocrx_word' id='word_1_386' title='bbox 634 2452 688 2510; x_wconf 88' lang='lat' dir='ltr'>mei</span> <span class='ocrx_word' id='word_1_387' title='bbox 712 2452 860 2511; x_wconf 85' lang='lat' dir='ltr'>ltumilien·</span> <span class='ocrx_word' id='word_1_388' title='bbox 912 2454 1050 2524; x_wconf 83' lang='lat' dir='ltr'>tus.Qnod</span> <span class='ocrx_word' id='word_1_389' title='bbox 1057 2455 1081 2510; x_wconf 85' lang='lat' dir='ltr'>si</span> <span class='ocrx_word' id='word_1_390' title='bbox 1089 2455 1299 2526; x_wconf 77' lang='lat' dir='ltr'>saepedisernnt</span> <span class='ocrx_word' id='word_1_391' title='bbox 1307 2455 1413 2512; x_wconf 72' lang='lat' dir='ltr'>ancillae</span> <span class='ocrx_word' id='word_1_392' title='bbox 1420 2455 1625 2526; x_wconf 64' lang='lat' dir='ltr'>orontianum</span> <span class='ocrx_word' id='word_1_393' title='bbox 1632 2457 1712 2516; x_wconf 87' lang='lat' dir='ltr'>nobis</span> 
     </span>
     <span class='ocr_line' id='line_1_26' title="bbox 73 2547 1710 2619; baseline 0 -10"><span class='ocrx_word' id='word_1_394' title='bbox 73 2563 118 2609; x_wconf 89' lang='grc' dir='ltr'>ιιι.</span> <span class='ocrx_word' id='word_1_395' title='bbox 131 2547 331 2612; x_wconf 76' lang='lat' dir='ltr'>l&#39;trroreuimd</span> <span class='ocrx_word' id='word_1_396' title='bbox 346 2547 429 2605; x_wconf 91' lang='lat' dir='ltr'>animi</span> <span class='ocrx_word' id='word_1_397' title='bbox 442 2554 484 2604; x_wconf 88' lang='lat' dir='ltr'>est</span> <span class='ocrx_word' id='word_1_398' title='bbox 496 2547 646 2604; x_wconf 87' lang='lat' dir='ltr'>indomitus</span> <span class='ocrx_word' id='word_1_399' title='bbox 660 2547 860 2604; x_wconf 83' lang='lat' dir='ltr'>commaculare</span> <span class='ocrx_word' id='word_1_400' title='bbox 910 2554 943 2602; x_wconf 94' lang='grc' dir='ltr'>ιιι</span> <span class='ocrx_word' id='word_1_401' title='bbox 955 2547 1084 2604; x_wconf 79' lang='lat' dir='ltr'>cantibus</span> <span class='ocrx_word' id='word_1_402' title='bbox 1095 2548 1156 2619; x_wconf 85' lang='lat' dir='ltr'>ejus</span> <span class='ocrx_word' id='word_1_403' title='bbox 1169 2547 1321 2604; x_wconf 70' lang='lat' dir='ltr'>satiemur?</span> <span class='ocrx_word' id='word_1_404' title='bbox 1341 2561 1403 2604; x_wconf 88' lang='lat' dir='ltr'>cum</span> <span class='ocrx_word' id='word_1_405' title='bbox 1424 2549 1492 2605; x_wconf 87' lang='lat' dir='ltr'>salis</span> <span class='ocrx_word' id='word_1_406' title='bbox 1506 2548 1594 2606; x_wconf 88' lang='lat' dir='ltr'>boum</span> <span class='ocrx_word' id='word_1_407' title='bbox 1608 2565 1710 2608; x_wconf 84' lang='lat' dir='ltr'>essem</span> 
     </span>
     <span class='ocr_line' id='line_1_27' title="bbox 73 2638 1714 2716; baseline -0.001 -14"><span class='ocrx_word' id='word_1_408' title='bbox 73 2645 249 2703; x_wconf 76' lang='lat' dir='ltr'>viciniorem.</span> <span class='ocrx_word' id='word_1_409' title='bbox 263 2643 339 2716; x_wconf 67' lang='lat' dir='ltr'>ignis</span> <span class='ocrx_word' id='word_1_410' title='bbox 353 2641 452 2701; x_wconf 87' lang='lat' dir='ltr'>ardens</span> <span class='ocrx_word' id='word_1_411' title='bbox 463 2651 506 2698; x_wconf 89' lang='lat' dir='ltr'>est</span> <span class='ocrx_word' id='word_1_412' title='bbox 521 2642 549 2698; x_wconf 94' lang='lat' dir='ltr'>in</span> <span class='ocrx_word' id='word_1_413' title='bbox 563 2639 692 2699; x_wconf 88' lang='lat' dir='ltr'>omnibns</span> <span class='ocrx_word' id='word_1_414' title='bbox 715 2641 858 2698; x_wconf 89' lang='lat' dir='ltr'>membris.</span> <span class='ocrx_word' id='word_1_415' title='bbox 911 2639 991 2698; x_wconf 77' lang='lat' dir='ltr'>Foris</span> <span class='ocrx_word' id='word_1_416' title='bbox 999 2656 1053 2698; x_wconf 90' lang='lat' dir='ltr'>uon</span> <span class='ocrx_word' id='word_1_417' title='bbox 1063 2641 1189 2698; x_wconf 81' lang='lat' dir='ltr'>manebat</span> <span class='ocrx_word' id='word_1_418' title='bbox 1197 2638 1309 2712; x_wconf 82' lang='lat' dir='ltr'>hospes.</span> <span class='ocrx_word' id='word_1_419' title='bbox 1319 2639 1406 2698; x_wconf 78' lang='lat' dir='ltr'>ianua</span> <span class='ocrx_word' id='word_1_420' title='bbox 1414 2656 1476 2698; x_wconf 89' lang='lat' dir='ltr'>mea</span> <span class='ocrx_word' id='word_1_421' title='bbox 1485 2643 1558 2699; x_wconf 88' lang='lat' dir='ltr'>nunni</span> <span class='ocrx_word' id='word_1_422' title='bbox 1569 2643 1714 2714; x_wconf 81' lang='lat' dir='ltr'>advenien-</span> 
     </span>
     <span class='ocr_line' id='line_1_28' title="bbox 72 2730 1714 2810; baseline -0.003 -14"><span class='ocrx_word' id='word_1_423' title='bbox 72 2737 238 2810; x_wconf 78' lang='lat' dir='ltr'>Qnocumqne</span> <span class='ocrx_word' id='word_1_424' title='bbox 252 2735 408 2800; x_wconf 89' lang='lat' dir='ltr'>intraverit,</span> <span class='ocrx_word' id='word_1_425' title='bbox 426 2733 557 2791; x_wconf 81' lang='lat' dir='ltr'>radicitus</span> <span class='ocrx_word' id='word_1_426' title='bbox 572 2732 678 2806; x_wconf 78' lang='lat' dir='ltr'>perciet.</span> <span class='ocrx_word' id='word_1_427' title='bbox 704 2732 783 2804; x_wconf 86' lang='lat' dir='ltr'>Quod</span> <span class='ocrx_word' id='word_1_428' title='bbox 798 2732 821 2790; x_wconf 90' lang='lat' dir='ltr'>si</span> <span class='ocrx_word' id='word_1_429' title='bbox 833 2741 861 2791; x_wconf 87' lang='lat' dir='ltr'>et</span> <span class='ocrx_word' id='word_1_430' title='bbox 912 2730 933 2788; x_wconf 91' lang='lat' dir='ltr'>ti</span> <span class='ocrx_word' id='word_1_431' title='bbox 956 2731 1076 2802; x_wconf 85' lang='lat' dir='ltr'>patebat.</span> <span class='ocrx_word' id='word_1_432' title='bbox 1102 2730 1179 2802; x_wconf 84' lang='lat' dir='ltr'>Quod</span> <span class='ocrx_word' id='word_1_433' title='bbox 1197 2732 1222 2788; x_wconf 90' lang='lat' dir='ltr'>si</span> <span class='ocrx_word' id='word_1_434' title='bbox 1232 2741 1261 2789; x_wconf 91' lang='lat' dir='ltr'>et</span> <span class='ocrx_word' id='word_1_435' title='bbox 1272 2743 1371 2804; x_wconf 88' lang='lat' dir='ltr'>sponte</span> <span class='ocrx_word' id='word_1_436' title='bbox 1382 2747 1500 2806; x_wconf 79' lang='lat' dir='ltr'>peccans</span> <span class='ocrx_word' id='word_1_437' title='bbox 1513 2733 1714 2808; x_wconf 87' lang='lat' dir='ltr'>abscondipec·</span> 
     </span>
     <span class='ocr_line' id='line_1_29' title="bbox 73 2822 1713 2902; baseline -0.001 -16"><span class='ocrx_word' id='word_1_438' title='bbox 73 2830 173 2902; x_wconf 71' lang='lat' dir='ltr'>depexi</span> <span class='ocrx_word' id='word_1_439' title='bbox 185 2829 321 2902; x_wconf 82' lang='lat' dir='ltr'>iudicium</span> <span class='ocrx_word' id='word_1_440' title='bbox 337 2826 431 2884; x_wconf 88' lang='lat' dir='ltr'>lamuli</span> <span class='ocrx_word' id='word_1_441' title='bbox 446 2827 510 2892; x_wconf 88' lang='lat' dir='ltr'>mei.</span> <span class='ocrx_word' id='word_1_442' title='bbox 527 2833 575 2884; x_wconf 92' lang='lat' dir='ltr'>ant</span> <span class='ocrx_word' id='word_1_443' title='bbox 586 2826 705 2894; x_wconf 75' lang='lat' dir='ltr'>aneilla,</span> <span class='ocrx_word' id='word_1_444' title='bbox 719 2836 731 2866; x_wconf 67' lang='grc' dir='ltr'>ι</span> <span class='ocrx_word' id='word_1_445' title='bbox 746 2841 807 2884; x_wconf 91' lang='lat' dir='ltr'>cum</span> <span class='ocrx_word' id='word_1_446' title='bbox 817 2825 861 2898; x_wconf 79' lang='lat' dir='ltr'>in·</span> <span class='ocrx_word' id='word_1_447' title='bbox 910 2835 1002 2882; x_wconf 90' lang='lat' dir='ltr'>calum</span> <span class='ocrx_word' id='word_1_448' title='bbox 1015 2839 1123 2892; x_wconf 70' lang='lat' dir='ltr'>neum3</span> <span class='ocrx_word' id='word_1_449' title='bbox 1135 2838 1185 2881; x_wconf 90' lang='lat' dir='ltr'>nee</span> <span class='ocrx_word' id='word_1_450' title='bbox 1197 2823 1269 2881; x_wconf 89' lang='lat' dir='ltr'>euim</span> <span class='ocrx_word' id='word_1_451' title='bbox 1281 2824 1379 2882; x_wconf 78' lang='lat' dir='ltr'>erubui</span> <span class='ocrx_word' id='word_1_452' title='bbox 1392 2822 1595 2884; x_wconf 88' lang='lat' dir='ltr'>nrultitudinem</span> <span class='ocrx_word' id='word_1_453' title='bbox 1606 2827 1713 2898; x_wconf 81' lang='lat' dir='ltr'>papali,</span> 
     </span>
     <span class='ocr_line' id='line_1_30' title="bbox 74 2913 1713 2994; baseline -0.003 -16"><span class='ocrx_word' id='word_1_454' title='bbox 74 2921 222 2980; x_wconf 83' lang='lat' dir='ltr'>dicarentur</span> <span class='ocrx_word' id='word_1_455' title='bbox 233 2920 305 2994; x_wconf 91' lang='lat' dir='ltr'>apud</span> <span class='ocrx_word' id='word_1_456' title='bbox 318 2935 380 2988; x_wconf 81' lang='lat' dir='ltr'>me3</span> <span class='ocrx_word' id='word_1_457' title='bbox 391 2919 467 2992; x_wconf 84' lang='lat' dir='ltr'>(qnid</span> <span class='ocrx_word' id='word_1_458' title='bbox 482 2917 555 2975; x_wconf 90' lang='lat' dir='ltr'>enim</span> <span class='ocrx_word' id='word_1_459' title='bbox 573 2917 682 2987; x_wconf 86' lang='lat' dir='ltr'>luciam,</span> <span class='ocrx_word' id='word_1_460' title='bbox 694 2918 715 2976; x_wconf 90' lang='lat' dir='ltr'>si</span> <span class='ocrx_word' id='word_1_461' title='bbox 725 2917 861 2990; x_wconf 82' lang='lat' dir='ltr'>judicium</span> <span class='ocrx_word' id='word_1_462' title='bbox 911 2914 1105 2974; x_wconf 80' lang='lat' dir='ltr'>ueeontlterer</span> <span class='ocrx_word' id='word_1_463' title='bbox 1115 2929 1209 2972; x_wconf 89' lang='lat' dir='ltr'>coram</span> <span class='ocrx_word' id='word_1_464' title='bbox 1224 2913 1265 2972; x_wconf 90' lang='lat' dir='ltr'>eis</span> <span class='ocrx_word' id='word_1_465' title='bbox 1278 2931 1286 2971; x_wconf 83' lang='lat' dir='ltr'>r</span> <span class='ocrx_word' id='word_1_466' title='bbox 1299 2923 1347 2972; x_wconf 86' lang='lat' dir='ltr'>ant</span> <span class='ocrx_word' id='word_1_467' title='bbox 1357 2915 1379 2972; x_wconf 90' lang='lat' dir='ltr'>si</span> <span class='ocrx_word' id='word_1_468' title='bbox 1393 2915 1485 2972; x_wconf 90' lang='lat' dir='ltr'>dimisi</span> <span class='ocrx_word' id='word_1_469' title='bbox 1495 2915 1633 2972; x_wconf 87' lang='lat' dir='ltr'>inllrnmm</span> <span class='ocrx_word' id='word_1_470' title='bbox 1651 2918 1713 2974; x_wconf 88' lang='lat' dir='ltr'>sinn</span> 
     </span>
     <span class='ocr_line' id='line_1_31' title="bbox 73 3007 1715 3092; baseline -0.003 -21"><span class='ocrx_word' id='word_1_471' title='bbox 73 3029 153 3071; x_wconf 76' lang='lat' dir='ltr'>mum</span> <span class='ocrx_word' id='word_1_472' title='bbox 178 3011 260 3071; x_wconf 85' lang='lat' dir='ltr'>iaciat</span> <span class='ocrx_word' id='word_1_473' title='bbox 282 3010 446 3085; x_wconf 71' lang='lat' dir='ltr'>(luminosi)</span> <span class='ocrx_word' id='word_1_474' title='bbox 466 3010 540 3083; x_wconf 84' lang='lat' dir='ltr'>quod</span> <span class='ocrx_word' id='word_1_475' title='bbox 561 3007 586 3067; x_wconf 91' lang='lat' dir='ltr'>si</span> <span class='ocrx_word' id='word_1_476' title='bbox 604 3019 633 3068; x_wconf 88' lang='lat' dir='ltr'>et</span> <span class='ocrx_word' id='word_1_477' title='bbox 656 3011 860 3092; x_wconf 71' lang='lat' dir='ltr'>visitationem,</span> <span class='ocrx_word' id='word_1_478' title='bbox 911 3024 997 3068; x_wconf 88' lang='lat' dir='ltr'>vacuo</span> <span class='ocrx_word' id='word_1_479' title='bbox 1017 3011 1094 3068; x_wconf 87' lang='lat' dir='ltr'>eaire</span> <span class='ocrx_word' id='word_1_480' title='bbox 1108 3008 1221 3080; x_wconf 77' lang='lat' dir='ltr'>ianuam</span> <span class='ocrx_word' id='word_1_481' title='bbox 1233 3023 1333 3066; x_wconf 87' lang='lat' dir='ltr'>meam.</span> <span class='ocrx_word' id='word_1_482' title='bbox 1352 3008 1541 3079; x_wconf 50' lang='lat' dir='ltr'>XQuismilri</span> <span class='ocrx_word' id='word_1_483' title='bbox 1555 3010 1715 3066; x_wconf 87' lang='lat' dir='ltr'>tribuatan·</span> 
     </span>
     <span class='ocr_line' id='line_1_32' title="bbox 70 3101 1716 3182; baseline -0.003 -16"><span class='ocrx_word' id='word_1_484' title='bbox 70 3108 133 3179; x_wconf 84' lang='lat' dir='ltr'>unnd</span> <span class='ocrx_word' id='word_1_485' title='bbox 145 3123 313 3182; x_wconf 85' lang='lat' dir='ltr'>responsum</span> <span class='ocrx_word' id='word_1_486' title='bbox 326 3105 420 3166; x_wconf 86' lang='lat' dir='ltr'>dabol</span> <span class='ocrx_word' id='word_1_487' title='bbox 441 3104 537 3164; x_wconf 79' lang='lat' dir='ltr'>linitae</span> <span class='ocrx_word' id='word_1_488' title='bbox 559 3106 630 3163; x_wconf 81' lang='lat' dir='ltr'>siccut</span> <span class='ocrx_word' id='word_1_489' title='bbox 643 3120 696 3178; x_wconf 75' lang='lat' dir='ltr'>epo</span> <span class='ocrx_word' id='word_1_490' title='bbox 710 3113 860 3180; x_wconf 82' lang='lat' dir='ltr'>corumplus</span> <span class='ocrx_word' id='word_1_491' title='bbox 911 3103 1200 3174; x_wconf 62' lang='lat' dir='ltr'>ditorcmlpssiunum</span> <span class='ocrx_word' id='word_1_492' title='bbox 1212 3101 1321 3161; x_wconf 81' lang='lat' dir='ltr'>bomini</span> <span class='ocrx_word' id='word_1_493' title='bbox 1330 3102 1353 3161; x_wconf 91' lang='lat' dir='ltr'>si</span> <span class='ocrx_word' id='word_1_494' title='bbox 1365 3117 1420 3160; x_wconf 94' lang='lat' dir='ltr'>non</span> <span class='ocrx_word' id='word_1_495' title='bbox 1431 3104 1520 3173; x_wconf 89' lang='lat' dir='ltr'>tironi,</span> <span class='ocrx_word' id='word_1_496' title='bbox 1532 3103 1544 3174; x_wconf 71' lang='grc' dir='ltr'>ζ</span> <span class='ocrx_word' id='word_1_497' title='bbox 1556 3104 1563 3156; x_wconf 96' lang='lat' dir='ltr'>l</span> <span class='ocrx_word' id='word_1_498' title='bbox 1575 3107 1716 3178; x_wconf 82' lang='lat' dir='ltr'>conscrip·</span> 
     </span>
     <span class='ocr_line' id='line_1_33' title="bbox 70 3194 1714 3271; baseline 0 -13"><span class='ocrx_word' id='word_1_499' title='bbox 70 3216 121 3258; x_wconf 86' lang='lat' dir='ltr'>suns</span> <span class='ocrx_word' id='word_1_500' title='bbox 134 3204 162 3260; x_wconf 92' lang='lat' dir='ltr'>in</span> <span class='ocrx_word' id='word_1_501' title='bbox 176 3211 269 3268; x_wconf 85' lang='lat' dir='ltr'>utero,</span> <span class='ocrx_word' id='word_1_502' title='bbox 285 3211 314 3259; x_wconf 87' lang='lat' dir='ltr'>et</span> <span class='ocrx_word' id='word_1_503' title='bbox 326 3199 377 3267; x_wconf 84' lang='lat' dir='ltr'>illi.</span> <span class='ocrx_word' id='word_1_504' title='bbox 392 3210 420 3258; x_wconf 89' lang='lat' dir='ltr'>eu</span> <span class='ocrx_word' id='word_1_505' title='bbox 439 3199 539 3258; x_wconf 88' lang='lat' dir='ltr'>luimus</span> <span class='ocrx_word' id='word_1_506' title='bbox 552 3199 679 3258; x_wconf 87' lang='lat' dir='ltr'>similiter</span> <span class='ocrx_word' id='word_1_507' title='bbox 694 3199 721 3256; x_wconf 91' lang='lat' dir='ltr'>in</span> <span class='ocrx_word' id='word_1_508' title='bbox 743 3200 898 3271; x_wconf 76' lang='lat' dir='ltr'>ventrelc</span> <span class='ocrx_word' id='word_1_509' title='bbox 913 3195 1016 3253; x_wconf 84' lang='lat' dir='ltr'>donem</span> <span class='ocrx_word' id='word_1_510' title='bbox 1029 3195 1054 3252; x_wconf 87' lang='lat' dir='ltr'>si</span> <span class='ocrx_word' id='word_1_511' title='bbox 1065 3211 1147 3269; x_wconf 82' lang='lat' dir='ltr'>qnam</span> <span class='ocrx_word' id='word_1_512' title='bbox 1163 3195 1262 3265; x_wconf 78' lang='lat' dir='ltr'>liabeo,</span> <span class='ocrx_word' id='word_1_513' title='bbox 1276 3211 1359 3267; x_wconf 91' lang='lat' dir='ltr'>super</span> <span class='ocrx_word' id='word_1_514' title='bbox 1371 3194 1503 3254; x_wconf 88' lang='lat' dir='ltr'>bomeros</span> <span class='ocrx_word' id='word_1_515' title='bbox 1517 3213 1593 3254; x_wconf 89' lang='lat' dir='ltr'>meos</span> <span class='ocrx_word' id='word_1_516' title='bbox 1609 3199 1714 3268; x_wconf 82' lang='lat' dir='ltr'>leuans,</span> 
     </span>
     <span class='ocr_line' id='line_1_34' title="bbox 69 3289 1716 3365; baseline -0.001 -15"><span class='ocrx_word' id='word_1_517' title='bbox 69 3293 298 3362; x_wconf 85' lang='lat' dir='ltr'>lnirmisantcm,</span> <span class='ocrx_word' id='word_1_518' title='bbox 312 3291 415 3365; x_wconf 82' lang='lat' dir='ltr'>siquid</span> <span class='ocrx_word' id='word_1_519' title='bbox 430 3307 499 3364; x_wconf 91' lang='lat' dir='ltr'>opus</span> <span class='ocrx_word' id='word_1_520' title='bbox 511 3289 572 3361; x_wconf 89' lang='lat' dir='ltr'>init,</span> <span class='ocrx_word' id='word_1_521' title='bbox 586 3305 641 3349; x_wconf 93' lang='lat' dir='ltr'>non</span> <span class='ocrx_word' id='word_1_522' title='bbox 660 3289 804 3364; x_wconf 74' lang='lat' dir='ltr'>denegavi.</span> <span class='ocrx_word' id='word_1_523' title='bbox 817 3291 862 3348; x_wconf 84' lang='lat' dir='ltr'>vt·</span> <span class='ocrx_word' id='word_1_524' title='bbox 913 3299 942 3348; x_wconf 94' lang='lat' dir='ltr'>et</span> <span class='ocrx_word' id='word_1_525' title='bbox 959 3296 1106 3348; x_wconf 80' lang='lat' dir='ltr'>comestus</span> <span class='ocrx_word' id='word_1_526' title='bbox 1129 3289 1239 3363; x_wconf 84' lang='lat' dir='ltr'>publice</span> <span class='ocrx_word' id='word_1_527' title='bbox 1261 3289 1435 3361; x_wconf 73' lang='lat' dir='ltr'>iegamzelsi</span> <span class='ocrx_word' id='word_1_528' title='bbox 1447 3305 1501 3348; x_wconf 83' lang='lat' dir='ltr'>tlon</span> <span class='ocrx_word' id='word_1_529' title='bbox 1517 3291 1622 3363; x_wconf 84' lang='lat' dir='ltr'>disrupi</span> <span class='ocrx_word' id='word_1_530' title='bbox 1633 3307 1716 3360; x_wconf 88' lang='lat' dir='ltr'>earn,</span> 
     </span>
     <span class='ocr_line' id='line_1_35' title="bbox 69 3382 1715 3461; baseline 0 -19"><span class='ocrx_word' id='word_1_531' title='bbox 69 3385 122 3444; x_wconf 86' lang='lat' dir='ltr'>una</span> <span class='ocrx_word' id='word_1_532' title='bbox 140 3387 255 3445; x_wconf 85' lang='lat' dir='ltr'>oculum</span> <span class='ocrx_word' id='word_1_533' title='bbox 272 3399 327 3443; x_wconf 92' lang='lat' dir='ltr'>non</span> <span class='ocrx_word' id='word_1_534' title='bbox 348 3383 515 3442; x_wconf 85' lang='lat' dir='ltr'>ererneiavi.</span> <span class='ocrx_word' id='word_1_535' title='bbox 539 3387 594 3440; x_wconf 83' lang='lat' dir='ltr'>Aut</span> <span class='ocrx_word' id='word_1_536' title='bbox 608 3383 633 3440; x_wconf 91' lang='lat' dir='ltr'>si</span> <span class='ocrx_word' id='word_1_537' title='bbox 648 3398 747 3455; x_wconf 90' lang='lat' dir='ltr'>panem</span> <span class='ocrx_word' id='word_1_538' title='bbox 770 3399 861 3442; x_wconf 90' lang='lat' dir='ltr'>meum</span> <span class='ocrx_word' id='word_1_539' title='bbox 915 3395 942 3444; x_wconf 93' lang='lat' dir='ltr'>et</span> <span class='ocrx_word' id='word_1_540' title='bbox 951 3382 1137 3443; x_wconf 87' lang='lat' dir='ltr'>reddidinilrii</span> <span class='ocrx_word' id='word_1_541' title='bbox 1147 3383 1451 3455; x_wconf 84' lang='lat' dir='ltr'>aecipiensadebitore.</span> <span class='ocrx_word' id='word_1_542' title='bbox 1463 3385 1493 3445; x_wconf 85' lang='lat' dir='ltr'>st</span> <span class='ocrx_word' id='word_1_543' title='bbox 1505 3400 1589 3461; x_wconf 86' lang='lat' dir='ltr'>super</span> <span class='ocrx_word' id='word_1_544' title='bbox 1599 3402 1643 3444; x_wconf 94' lang='lat' dir='ltr'>me</span> <span class='ocrx_word' id='word_1_545' title='bbox 1653 3402 1715 3444; x_wconf 87' lang='lat' dir='ltr'>urn-</span> 
     </span>
     <span class='ocr_line' id='line_1_36' title="bbox 68 3477 1807 3552; baseline -0.004 -10"><span class='ocrx_word' id='word_1_546' title='bbox 68 3484 164 3542; x_wconf 86' lang='lat' dir='ltr'>comedi</span> <span class='ocrx_word' id='word_1_547' title='bbox 179 3483 271 3552; x_wconf 88' lang='lat' dir='ltr'>sulus,</span> <span class='ocrx_word' id='word_1_548' title='bbox 288 3493 315 3540; x_wconf 89' lang='grc' dir='ltr'>ιι</span> <span class='ocrx_word' id='word_1_549' title='bbox 330 3496 385 3538; x_wconf 93' lang='lat' dir='ltr'>uon</span> <span class='ocrx_word' id='word_1_550' title='bbox 399 3477 461 3538; x_wconf 88' lang='lat' dir='ltr'>dedi</span> <span class='ocrx_word' id='word_1_551' title='bbox 477 3477 582 3552; x_wconf 87' lang='lat' dir='ltr'>pupillo</span> <span class='ocrx_word' id='word_1_552' title='bbox 596 3482 629 3550; x_wconf 67' lang='lat' dir='ltr'>bt(</span> <span class='ocrx_word' id='word_1_553' title='bbox 644 3493 680 3536; x_wconf 84' lang='lat' dir='ltr'>ex</span> <span class='ocrx_word' id='word_1_554' title='bbox 691 3493 725 3536; x_wconf 90' lang='lat' dir='ltr'>eo</span> <span class='ocrx_word' id='word_1_555' title='bbox 736 3479 814 3551; x_wconf 85' lang='lat' dir='ltr'>(qnia</span> <span class='ocrx_word' id='word_1_556' title='bbox 828 3477 864 3536; x_wconf 94' lang='lat' dir='ltr'>ab</span> <span class='ocrx_word' id='word_1_557' title='bbox 914 3493 996 3551; x_wconf 82' lang='lat' dir='ltr'>qnam</span> <span class='ocrx_word' id='word_1_558' title='bbox 1013 3487 1085 3535; x_wconf 90' lang='lat' dir='ltr'>terra</span> <span class='ocrx_word' id='word_1_559' title='bbox 1095 3478 1211 3552; x_wconf 71' lang='lat' dir='ltr'>gemuit,</span> <span class='ocrx_word' id='word_1_560' title='bbox 1221 3479 1348 3536; x_wconf 84' lang='lat' dir='ltr'>autsnlei</span> <span class='ocrx_word' id='word_1_561' title='bbox 1358 3480 1417 3552; x_wconf 84' lang='lat' dir='ltr'>ejus</span> <span class='ocrx_word' id='word_1_562' title='bbox 1429 3480 1604 3552; x_wconf 77' lang='lat' dir='ltr'>ploraverunt</span> <span class='ocrx_word' id='word_1_563' title='bbox 1616 3482 1717 3549; x_wconf 89' lang='lat' dir='ltr'>simul;</span> <span class='ocrx_word' id='word_1_564' title='bbox 1803 3527 1807 3533; x_wconf 93' lang='lat'>.</span> 
     </span>
    </p>
   </div>
   <div class='ocr_carea' id='block_1_4' title="bbox 68 3597 1718 3832">
    <p class='ocr_par' dir='ltr' id='par_1_4' title="bbox 68 3597 1718 3832">
     <span class='ocr_line' id='line_1_37' title="bbox 99 3597 1716 3738; baseline -0.003 -62"><span class='ocrx_word' id='word_1_565' title='bbox 99 3629 111 3658; x_wconf 84' lang='lat'><strong>¹</strong></span> <span class='ocrx_word' id='word_1_566' title='bbox 129 3619 222 3704; x_wconf 71' lang='lat' dir='ltr'>linae,</span> <span class='ocrx_word' id='word_1_567' title='bbox 239 3615 325 3701; x_wconf 77' lang='lat' dir='ltr'>etqui</span> <span class='ocrx_word' id='word_1_568' title='bbox 337 3613 533 3696; x_wconf 69' lang='grc' dir='ltr'>ιιιΙιιιιιιιιιιἸ</span> <span class='ocrx_word' id='word_1_569' title='bbox 540 3610 703 3668; x_wconf 88' lang='lat' dir='ltr'>asteriscum</span> <span class='ocrx_word' id='word_1_570' title='bbox 718 3597 872 3669; x_wconf 71' lang='lat' dir='ltr'>ad¹oodicis</span> <span class='ocrx_word' id='word_1_571' title='bbox 921 3611 975 3738; x_wconf 63' lang='lat' dir='ltr'>ftis</span> <span class='ocrx_word' id='word_1_572' title='bbox 990 3610 1045 3679; x_wconf 77' lang='lat' dir='ltr'>liis,</span> <span class='ocrx_word' id='word_1_573' title='bbox 1056 3626 1118 3694; x_wconf 72' lang='lat' dir='ltr'>qum</span> <span class='ocrx_word' id='word_1_574' title='bbox 1131 3611 1288 3683; x_wconf 78' lang='lat' dir='ltr'>parenthesi</span> <span class='ocrx_word' id='word_1_575' title='bbox 1298 3611 1646 3700; x_wconf 56' lang='lat' dir='ltr'>inclusimnsmbdngust.</span> <span class='ocrx_word' id='word_1_576' title='bbox 1658 3617 1716 3702; x_wconf 69' lang='lat' dir='ltr'>ipsa</span> 
     </span>
     <span class='ocr_line' id='line_1_38' title="bbox 68 3683 1718 3756; baseline -0.004 -7"><span class='ocrx_word' id='word_1_577' title='bbox 68 3691 250 3749; x_wconf 69' lang='lat' dir='ltr'>Alexandrum</span> <span class='ocrx_word' id='word_1_578' title='bbox 267 3700 392 3744; x_wconf 88' lang='lat' dir='ltr'>normam</span> <span class='ocrx_word' id='word_1_579' title='bbox 410 3684 607 3756; x_wconf 88' lang='lat' dir='ltr'>supplevnnns.</span> <span class='ocrx_word' id='word_1_580' title='bbox 932 3684 1077 3747; x_wconf 82' lang='lat' dir='ltr'>nudantur,</span> <span class='ocrx_word' id='word_1_581' title='bbox 1091 3697 1188 3753; x_wconf 76' lang='lat' dir='ltr'>svenne</span> <span class='ocrx_word' id='word_1_582' title='bbox 1201 3684 1238 3740; x_wconf 88' lang='lat' dir='ltr'>ab</span> <span class='ocrx_word' id='word_1_583' title='bbox 1251 3699 1287 3740; x_wconf 89' lang='lat' dir='ltr'>eo</span> <span class='ocrx_word' id='word_1_584' title='bbox 1298 3694 1363 3740; x_wconf 81' lang='lat' dir='ltr'>suant</span> <span class='ocrx_word' id='word_1_585' title='bbox 1378 3683 1491 3742; x_wconf 79' lang='lat' dir='ltr'>totidem</span> <span class='ocrx_word' id='word_1_586' title='bbox 1510 3687 1602 3744; x_wconf 81' lang='lat' dir='ltr'>verbus</span> <span class='ocrx_word' id='word_1_587' title='bbox 1613 3687 1718 3744; x_wconf 77' lang='lat' dir='ltr'>desem</span> 
     </span>
     <span class='ocr_line' id='line_1_39' title="bbox 97 3753 1716 3832; baseline -0.004 -12"><span class='ocrx_word' id='word_1_588' title='bbox 97 3761 166 3820; x_wconf 75' lang='lat' dir='ltr'>bGr.</span> <span class='ocrx_word' id='word_1_589' title='bbox 175 3758 331 3818; x_wconf 70' lang='lat' dir='ltr'>bebelina</span> <span class='ocrx_word' id='word_1_590' title='bbox 340 3761 431 3831; x_wconf 79' lang='grc' dir='ltr'><em>θυμοῦ,</em></span> <span class='ocrx_word' id='word_1_591' title='bbox 439 3755 482 3813; x_wconf 80' lang='grc' dir='ltr'>ιιι</span> <span class='ocrx_word' id='word_1_592' title='bbox 505 3759 575 3829; x_wconf 83' lang='grc' dir='ltr'>ιμοῡ,</span> <span class='ocrx_word' id='word_1_593' title='bbox 588 3754 613 3809; x_wconf 93' lang='lat' dir='ltr'>id</span> <span class='ocrx_word' id='word_1_594' title='bbox 622 3760 674 3822; x_wconf 87' lang='lat' dir='ltr'>est,</span> <span class='ocrx_word' id='word_1_595' title='bbox 682 3753 869 3809; x_wconf 82' lang='lat' dir='ltr'>sinonnirnosi-</span> <span class='ocrx_word' id='word_1_596' title='bbox 920 3764 978 3826; x_wconf 89' lang='lat' dir='ltr'>pta,</span> <span class='ocrx_word' id='word_1_597' title='bbox 1003 3763 1034 3809; x_wconf 91' lang='lat' dir='ltr'>ut</span> <span class='ocrx_word' id='word_1_598' title='bbox 1048 3753 1117 3808; x_wconf 87' lang='lat' dir='ltr'>nibil</span> <span class='ocrx_word' id='word_1_599' title='bbox 1129 3755 1187 3824; x_wconf 84' lang='lat' dir='ltr'>jam</span> <span class='ocrx_word' id='word_1_600' title='bbox 1201 3754 1368 3822; x_wconf 88' lang='lat' dir='ltr'>dubitemus,</span> <span class='ocrx_word' id='word_1_601' title='bbox 1385 3758 1449 3826; x_wconf 80' lang='lat' dir='ltr'>occia</span> <span class='ocrx_word' id='word_1_602' title='bbox 1471 3758 1568 3814; x_wconf 83' lang='lat' dir='ltr'>eadem</span> <span class='ocrx_word' id='word_1_603' title='bbox 1588 3758 1636 3815; x_wconf 91' lang='lat' dir='ltr'>illa</span> <span class='ocrx_word' id='word_1_604' title='bbox 1650 3759 1716 3832; x_wconf 82' lang='lat' dir='ltr'>sint,</span> 
     </span>
    </p>
   </div>
   <div class='ocr_carea' id='block_1_5' title="bbox 1 3779 1718 3904">
    <p class='ocr_par' dir='ltr' id='par_1_5' title="bbox 1 3779 1718 3904">
     <span class='ocr_line' id='line_1_40' title="bbox 1 3779 1718 3904; baseline -0.007 -8"><span class='ocrx_word' id='word_1_605' title='bbox 1 3879 2 3896; x_wconf 49' lang='grc' dir='ltr'>ι</span> <span class='ocrx_word' id='word_1_606' title='bbox 66 3844 121 3902; x_wconf 82' lang='lat' dir='ltr'>rste,</span> <span class='ocrx_word' id='word_1_607' title='bbox 133 3835 177 3890; x_wconf 90' lang='lat' dir='ltr'>vel</span> <span class='ocrx_word' id='word_1_608' title='bbox 194 3834 299 3904; x_wconf 63' lang='lat' dir='ltr'>iream·</span> <span class='ocrx_word' id='word_1_609' title='bbox 319 3843 405 3901; x_wconf 83' lang='lat' dir='ltr'>quare</span> <span class='ocrx_word' id='word_1_610' title='bbox 425 3779 503 3883; x_wconf 63' lang='lat' dir='ltr'>baud</span> <span class='ocrx_word' id='word_1_611' title='bbox 512 3829 578 3894; x_wconf 87' lang='lat' dir='ltr'>scio,</span> <span class='ocrx_word' id='word_1_612' title='bbox 594 3824 668 3882; x_wconf 90' lang='lat' dir='ltr'>unde</span> <span class='ocrx_word' id='word_1_613' title='bbox 687 3827 743 3880; x_wconf 84' lang='lat' dir='ltr'>cirre</span> <span class='ocrx_word' id='word_1_614' title='bbox 764 3825 869 3880; x_wconf 83' lang='lat' dir='ltr'>cilentio</span> <span class='ocrx_word' id='word_1_615' title='bbox 920 3840 982 3898; x_wconf 83' lang='lat' dir='ltr'>quae</span> <span class='ocrx_word' id='word_1_616' title='bbox 995 3825 1026 3882; x_wconf 88' lang='lat' dir='ltr'>S.</span> <span class='ocrx_word' id='word_1_617' title='bbox 1041 3825 1178 3896; x_wconf 86' lang='lat' dir='ltr'>interpres</span> <span class='ocrx_word' id='word_1_618' title='bbox 1193 3825 1307 3883; x_wconf 88' lang='lat' dir='ltr'>ilieron.</span> <span class='ocrx_word' id='word_1_619' title='bbox 1323 3826 1350 3882; x_wconf 92' lang='lat' dir='ltr'>in</span> <span class='ocrx_word' id='word_1_620' title='bbox 1366 3840 1414 3883; x_wconf 91' lang='lat' dir='ltr'>sua</span> <span class='ocrx_word' id='word_1_621' title='bbox 1426 3827 1478 3883; x_wconf 87' lang='lat' dir='ltr'>ista</span> <span class='ocrx_word' id='word_1_622' title='bbox 1491 3844 1523 3885; x_wconf 81' lang='lat' dir='ltr'>ex</span> <span class='ocrx_word' id='word_1_623' title='bbox 1543 3829 1641 3884; x_wconf 71' lang='lat' dir='ltr'>Graeco</span> <span class='ocrx_word' id='word_1_624' title='bbox 1655 3845 1718 3886; x_wconf 84' lang='lat' dir='ltr'>rer-</span> 
     </span>
    </p>
   </div>
   <div class='ocr_carea' id='block_1_6' title="bbox 63 3895 1723 4685">
    <p class='ocr_par' dir='ltr' id='par_1_6' title="bbox 63 3895 1723 4685">
     <span class='ocr_line' id='line_1_41' title="bbox 66 3895 1720 3969; baseline -0.005 -6"><span class='ocrx_word' id='word_1_625' title='bbox 66 3905 201 3963; x_wconf 82' lang='lat' dir='ltr'>esenderit</span> <span class='ocrx_word' id='word_1_626' title='bbox 217 3911 337 3960; x_wconf 87' lang='lat' dir='ltr'>noster:</span> <span class='ocrx_word' id='word_1_627' title='bbox 352 3899 405 3956; x_wconf 90' lang='lat' dir='ltr'>nisi</span> <span class='ocrx_word' id='word_1_628' title='bbox 415 3900 498 3955; x_wconf 85' lang='lat' dir='ltr'>cubat</span> <span class='ocrx_word' id='word_1_629' title='bbox 511 3899 539 3953; x_wconf 93' lang='lat' dir='ltr'>in</span> <span class='ocrx_word' id='word_1_630' title='bbox 554 3895 654 3953; x_wconf 81' lang='lat' dir='ltr'>meando</span> <span class='ocrx_word' id='word_1_631' title='bbox 665 3895 752 3962; x_wconf 82' lang='lat' dir='ltr'>iocus,</span> <span class='ocrx_word' id='word_1_632' title='bbox 768 3911 801 3952; x_wconf 87' lang='lat' dir='ltr'>ao</span> <span class='ocrx_word' id='word_1_633' title='bbox 814 3896 870 3952; x_wconf 86' lang='lat' dir='ltr'>lor·</span> <span class='ocrx_word' id='word_1_634' title='bbox 920 3899 998 3953; x_wconf 89' lang='lat' dir='ltr'>sione</span> <span class='ocrx_word' id='word_1_635' title='bbox 1010 3897 1108 3967; x_wconf 88' lang='lat' dir='ltr'>posuit.</span> <span class='ocrx_word' id='word_1_636' title='bbox 1123 3896 1198 3966; x_wconf 86' lang='lat' dir='ltr'>Sola,</span> <span class='ocrx_word' id='word_1_637' title='bbox 1220 3897 1340 3969; x_wconf 77' lang='lat' dir='ltr'>inquiant,</span> <span class='ocrx_word' id='word_1_638' title='bbox 1361 3912 1406 3960; x_wconf 85' lang='lat' dir='ltr'>ca,</span> <span class='ocrx_word' id='word_1_639' title='bbox 1425 3915 1485 3965; x_wconf 80' lang='lat' dir='ltr'>utre</span> <span class='ocrx_word' id='word_1_640' title='bbox 1508 3900 1617 3955; x_wconf 82' lang='lat' dir='ltr'>uncinis</span> <span class='ocrx_word' id='word_1_641' title='bbox 1631 3901 1720 3956; x_wconf 87' lang='lat' dir='ltr'>iuclu-</span> 
     </span>
     <span class='ocr_line' id='line_1_42' title="bbox 67 3966 1716 4048; baseline -0.006 -13"><span class='ocrx_word' id='word_1_642' title='bbox 67 3987 131 4036; x_wconf 86' lang='lat' dir='ltr'>ltsse</span> <span class='ocrx_word' id='word_1_643' title='bbox 141 3975 299 4048; x_wconf 71' lang='lat' dir='ltr'>legendum</span> <span class='ocrx_word' id='word_1_644' title='bbox 308 3979 362 4038; x_wconf 89' lang='lat' dir='ltr'>est,</span> <span class='ocrx_word' id='word_1_645' title='bbox 377 3971 434 4028; x_wconf 81' lang='lat' dir='ltr'>sine</span> <span class='ocrx_word' id='word_1_646' title='bbox 446 3967 616 4040; x_wconf 66' lang='lat' dir='ltr'>confidentia,</span> <span class='ocrx_word' id='word_1_647' title='bbox 628 3976 675 4023; x_wconf 92' lang='lat' dir='ltr'>ant</span> <span class='ocrx_word' id='word_1_648' title='bbox 687 3967 752 4039; x_wconf 84' lang='lat' dir='ltr'>qnid</span> <span class='ocrx_word' id='word_1_649' title='bbox 764 3967 866 4026; x_wconf 85' lang='lat' dir='ltr'>siradio.</span> <span class='ocrx_word' id='word_1_650' title='bbox 920 3969 1022 4025; x_wconf 89' lang='lat' dir='ltr'>duntur</span> <span class='ocrx_word' id='word_1_651' title='bbox 1038 3985 1045 4022; x_wconf 77' lang='grc' dir='ltr'>ι</span> <span class='ocrx_word' id='word_1_652' title='bbox 1061 3966 1131 4034; x_wconf 83' lang='lat' dir='ltr'>Quid</span> <span class='ocrx_word' id='word_1_653' title='bbox 1145 3967 1214 4023; x_wconf 83' lang='lat' dir='ltr'>enirn</span> <span class='ocrx_word' id='word_1_654' title='bbox 1226 3968 1334 4040; x_wconf 69' lang='lat' dir='ltr'>sumum,</span> <span class='ocrx_word' id='word_1_655' title='bbox 1346 3968 1509 4040; x_wconf 79' lang='lat' dir='ltr'>sijudicinnv</span> <span class='ocrx_word' id='word_1_656' title='bbox 1521 3987 1608 4025; x_wconf 82' lang='lat' dir='ltr'>careum</span> <span class='ocrx_word' id='word_1_657' title='bbox 1632 3971 1716 4040; x_wconf 74' lang='lat' dir='ltr'>{aciat</span> 
     </span>
     <span class='ocr_line' id='line_1_43' title="bbox 65 4039 1719 4114; baseline -0.005 -9"><span class='ocrx_word' id='word_1_658' title='bbox 65 4050 125 4106; x_wconf 80' lang='lat' dir='ltr'>Tum</span> <span class='ocrx_word' id='word_1_659' title='bbox 139 4065 191 4105; x_wconf 88' lang='lat' dir='ltr'>nee</span> <span class='ocrx_word' id='word_1_660' title='bbox 206 4057 292 4103; x_wconf 86' lang='lat' dir='ltr'>recte</span> <span class='ocrx_word' id='word_1_661' title='bbox 300 4042 468 4114; x_wconf 72' lang='lat' dir='ltr'>Augustinus</span> <span class='ocrx_word' id='word_1_662' title='bbox 478 4050 503 4096; x_wconf 87' lang='lat' dir='ltr'>ct</span> <span class='ocrx_word' id='word_1_663' title='bbox 517 4041 593 4106; x_wconf 82' lang='lat' dir='ltr'>stelit,</span> <span class='ocrx_word' id='word_1_664' title='bbox 607 4053 658 4109; x_wconf 94' lang='lat' dir='ltr'>pro</span> <span class='ocrx_word' id='word_1_665' title='bbox 671 4039 741 4106; x_wconf 83' lang='lat' dir='ltr'>steti,</span> <span class='ocrx_word' id='word_1_666' title='bbox 757 4046 813 4096; x_wconf 88' lang='lat' dir='ltr'>ete.</span> <span class='ocrx_word' id='word_1_667' title='bbox 920 4039 1062 4108; x_wconf 84' lang='lat' dir='ltr'>Dominus,</span> <span class='ocrx_word' id='word_1_668' title='bbox 1075 4040 1217 4111; x_wconf 86' lang='lat' dir='ltr'>supposita</span> <span class='ocrx_word' id='word_1_669' title='bbox 1230 4055 1247 4095; x_wconf 89' lang='lat' dir='ltr'>a</span> <span class='ocrx_word' id='word_1_670' title='bbox 1258 4039 1337 4097; x_wconf 82' lang='lat' dir='ltr'>uoltis</span> <span class='ocrx_word' id='word_1_671' title='bbox 1350 4051 1415 4098; x_wconf 91' lang='lat' dir='ltr'>suut</span> <span class='ocrx_word' id='word_1_672' title='bbox 1424 4040 1458 4096; x_wconf 90' lang='lat' dir='ltr'>ad</span> <span class='ocrx_word' id='word_1_673' title='bbox 1470 4041 1559 4098; x_wconf 82' lang='lat' dir='ltr'>Graeci</span> <span class='ocrx_word' id='word_1_674' title='bbox 1572 4051 1719 4098; x_wconf 81' lang='lat' dir='ltr'>contextus</span> 
     </span>
     <span class='ocr_line' id='line_1_44' title="bbox 95 4109 1720 4186; baseline -0.005 -10"><span class='ocrx_word' id='word_1_675' title='bbox 95 4131 106 4159; x_wconf 69' lang='grc' dir='ltr'>ι</span> <span class='ocrx_word' id='word_1_676' title='bbox 126 4122 219 4178; x_wconf 74' lang='lat' dir='ltr'>Aliter</span> <span class='ocrx_word' id='word_1_677' title='bbox 242 4126 270 4173; x_wconf 89' lang='lat' dir='ltr'>et</span> <span class='ocrx_word' id='word_1_678' title='bbox 283 4115 345 4186; x_wconf 86' lang='lat' dir='ltr'>plus</span> <span class='ocrx_word' id='word_1_679' title='bbox 358 4127 412 4170; x_wconf 91' lang='lat' dir='ltr'>uno</span> <span class='ocrx_word' id='word_1_680' title='bbox 424 4111 512 4168; x_wconf 87' lang='lat' dir='ltr'>inciso</span> <span class='ocrx_word' id='word_1_681' title='bbox 525 4111 706 4182; x_wconf 73' lang='lat' dir='ltr'>Augustinus,</span> <span class='ocrx_word' id='word_1_682' title='bbox 720 4117 748 4166; x_wconf 89' lang='lat' dir='ltr'>nt</span> <span class='ocrx_word' id='word_1_683' title='bbox 759 4126 813 4166; x_wconf 91' lang='lat' dir='ltr'>non</span> <span class='ocrx_word' id='word_1_684' title='bbox 823 4125 868 4165; x_wconf 84' lang='lat' dir='ltr'>co·</span> <span class='ocrx_word' id='word_1_685' title='bbox 921 4111 1014 4179; x_wconf 88' lang='lat' dir='ltr'>iidem,</span> <span class='ocrx_word' id='word_1_686' title='bbox 1030 4124 1148 4176; x_wconf 90' lang='lat' dir='ltr'>summa,</span> <span class='ocrx_word' id='word_1_687' title='bbox 1161 4109 1360 4179; x_wconf 74' lang='lat' dir='ltr'>arriderent,</span> <span class='ocrx_word' id='word_1_688' title='bbox 1374 4112 1505 4179; x_wconf 68' lang='lat' dir='ltr'>religione</span> <span class='ocrx_word' id='word_1_689' title='bbox 1519 4131 1525 4166; x_wconf 76' lang='grc' dir='ltr'>ι</span> <span class='ocrx_word' id='word_1_690' title='bbox 1540 4122 1570 4170; x_wconf 86' lang='grc' dir='ltr'>ιιι</span> <span class='ocrx_word' id='word_1_691' title='bbox 1582 4114 1640 4169; x_wconf 81' lang='lat' dir='ltr'>lunc</span> <span class='ocrx_word' id='word_1_692' title='bbox 1650 4129 1720 4185; x_wconf 81' lang='lat' dir='ltr'>‹prro-</span> 
     </span>
     <span class='ocr_line' id='line_1_45' title="bbox 63 4180 1719 4264; baseline -0.008 -14"><span class='ocrx_word' id='word_1_693' title='bbox 63 4193 134 4264; x_wconf 74' lang='grc' dir='ltr'>ςίιιιιι</span> <span class='ocrx_word' id='word_1_694' title='bbox 147 4193 182 4248; x_wconf 84' lang='lat' dir='ltr'>de</span> <span class='ocrx_word' id='word_1_695' title='bbox 196 4189 318 4262; x_wconf 69' lang='lat' dir='ltr'>carpine,</span> <span class='ocrx_word' id='word_1_696' title='bbox 343 4197 369 4240; x_wconf 84' lang='grc' dir='ltr'>ιι</span> <span class='ocrx_word' id='word_1_697' title='bbox 391 4199 445 4240; x_wconf 91' lang='lat' dir='ltr'>non</span> <span class='ocrx_word' id='word_1_698' title='bbox 466 4183 583 4256; x_wconf 81' lang='lat' dir='ltr'>capitulo</span> <span class='ocrx_word' id='word_1_699' title='bbox 604 4184 637 4236; x_wconf 80' lang='lat' dir='ltr'>dc</span> <span class='ocrx_word' id='word_1_700' title='bbox 657 4181 757 4252; x_wconf 86' lang='lat' dir='ltr'>cirpinc</span> <span class='ocrx_word' id='word_1_701' title='bbox 769 4197 779 4237; x_wconf 93' lang='grc'>.·</span> <span class='ocrx_word' id='word_1_702' title='bbox 793 4180 868 4237; x_wconf 88' lang='lat' dir='ltr'>baud</span> <span class='ocrx_word' id='word_1_703' title='bbox 920 4196 1060 4254; x_wconf 76' lang='lat' dir='ltr'>quse-vero</span> <span class='ocrx_word' id='word_1_704' title='bbox 1079 4180 1249 4238; x_wconf 89' lang='lat' dir='ltr'>simillimum</span> <span class='ocrx_word' id='word_1_705' title='bbox 1269 4183 1317 4251; x_wconf 88' lang='lat' dir='ltr'>sit,</span> <span class='ocrx_word' id='word_1_706' title='bbox 1333 4185 1497 4254; x_wconf 76' lang='lat' dir='ltr'>apenninis,</span> <span class='ocrx_word' id='word_1_707' title='bbox 1514 4185 1536 4239; x_wconf 91' lang='lat' dir='ltr'>si</span> <span class='ocrx_word' id='word_1_708' title='bbox 1560 4195 1719 4254; x_wconf 74' lang='lat' dir='ltr'>exstarent,</span> 
     </span>
     <span class='ocr_line' id='line_1_46' title="bbox 64 4250 1719 4330; baseline -0.004 -12"><span class='ocrx_word' id='word_1_709' title='bbox 64 4277 147 4320; x_wconf 85' lang='lat' dir='ltr'>tamen</span> <span class='ocrx_word' id='word_1_710' title='bbox 163 4258 403 4330; x_wconf 77' lang='lat' dir='ltr'>exoriginalibns</span> <span class='ocrx_word' id='word_1_711' title='bbox 424 4254 511 4320; x_wconf 84' lang='lat' dir='ltr'>libris,</span> <span class='ocrx_word' id='word_1_712' title='bbox 534 4263 625 4310; x_wconf 88' lang='lat' dir='ltr'>tamen</span> <span class='ocrx_word' id='word_1_713' title='bbox 640 4251 694 4308; x_wconf 88' lang='lat' dir='ltr'>etsi</span> <span class='ocrx_word' id='word_1_714' title='bbox 708 4250 774 4310; x_wconf 92' lang='lat' dir='ltr'>illud</span> <span class='ocrx_word' id='word_1_715' title='bbox 798 4251 870 4324; x_wconf 84' lang='lat' dir='ltr'>copi·</span> <span class='ocrx_word' id='word_1_716' title='bbox 921 4256 980 4310; x_wconf 91' lang='lat' dir='ltr'>lore</span> <span class='ocrx_word' id='word_1_717' title='bbox 992 4263 1022 4308; x_wconf 92' lang='grc' dir='ltr'>ιιι</span> <span class='ocrx_word' id='word_1_718' title='bbox 1034 4267 1086 4310; x_wconf 89' lang='lat' dir='ltr'>nee</span> <span class='ocrx_word' id='word_1_719' title='bbox 1098 4253 1185 4310; x_wconf 89' lang='lat' dir='ltr'>verbo</span> <span class='ocrx_word' id='word_1_720' title='bbox 1210 4263 1289 4310; x_wconf 90' lang='lat' dir='ltr'>tenus</span> <span class='ocrx_word' id='word_1_721' title='bbox 1310 4254 1482 4313; x_wconf 88' lang='lat' dir='ltr'>abluderern.</span> <span class='ocrx_word' id='word_1_722' title='bbox 1500 4256 1604 4313; x_wconf 86' lang='lat' dir='ltr'>inserta</span> <span class='ocrx_word' id='word_1_723' title='bbox 1627 4271 1719 4312; x_wconf 86' lang='lat' dir='ltr'>autom</span> 
     </span>
     <span class='ocr_line' id='line_1_47' title="bbox 65 4323 1718 4408; baseline -0.001 -22"><span class='ocrx_word' id='word_1_724' title='bbox 65 4336 127 4400; x_wconf 81' lang='lat' dir='ltr'>cuia,</span> <span class='ocrx_word' id='word_1_725' title='bbox 141 4333 332 4408; x_wconf 88' lang='lat' dir='ltr'>probavimus</span> <span class='ocrx_word' id='word_1_726' title='bbox 342 4328 429 4399; x_wconf 68' lang='lat' dir='ltr'>magis</span> <span class='ocrx_word' id='word_1_727' title='bbox 440 4341 473 4382; x_wconf 82' lang='lat' dir='ltr'>er</span> <span class='ocrx_word' id='word_1_728' title='bbox 486 4323 534 4382; x_wconf 89' lang='lat' dir='ltr'>Gr.</span> <span class='ocrx_word' id='word_1_729' title='bbox 550 4328 741 4394; x_wconf 71' lang='lat' dir='ltr'>condemnem</span> <span class='ocrx_word' id='word_1_730' title='bbox 757 4325 870 4398; x_wconf 75' lang='lat' dir='ltr'>legisset</span> <span class='ocrx_word' id='word_1_731' title='bbox 920 4332 986 4380; x_wconf 86' lang='lat' dir='ltr'>sanc</span> <span class='ocrx_word' id='word_1_732' title='bbox 999 4325 1094 4389; x_wconf 84' lang='lat' dir='ltr'>textui,</span> <span class='ocrx_word' id='word_1_733' title='bbox 1114 4324 1187 4395; x_wconf 84' lang='lat' dir='ltr'>qnod</span> <span class='ocrx_word' id='word_1_734' title='bbox 1201 4326 1282 4380; x_wconf 89' lang='lat' dir='ltr'>aliter</span> <span class='ocrx_word' id='word_1_735' title='bbox 1297 4325 1388 4382; x_wconf 76' lang='lat' dir='ltr'>nulllus</span> <span class='ocrx_word' id='word_1_736' title='bbox 1399 4325 1485 4382; x_wconf 89' lang='lat' dir='ltr'>ierme</span> <span class='ocrx_word' id='word_1_737' title='bbox 1498 4339 1638 4384; x_wconf 73' lang='lat' dir='ltr'>cnrrstarot</span> <span class='ocrx_word' id='word_1_738' title='bbox 1653 4343 1718 4384; x_wconf 89' lang='lat' dir='ltr'>sen·</span> 
     </span>
     <span class='ocr_line' id='line_1_48' title="bbox 63 4397 1721 4480; baseline -0.003 -19"><span class='ocrx_word' id='word_1_739' title='bbox 63 4405 133 4463; x_wconf 85' lang='grc' dir='ltr'>Ιιιι.</span> <span class='ocrx_word' id='word_1_740' title='bbox 153 4403 305 4480; x_wconf 60' lang='lat' dir='ltr'>comanam·</span> <span class='ocrx_word' id='word_1_741' title='bbox 921 4410 978 4460; x_wconf 78' lang='lat' dir='ltr'>sus,</span> <span class='ocrx_word' id='word_1_742' title='bbox 993 4411 1044 4451; x_wconf 89' lang='lat' dir='ltr'>uec</span> <span class='ocrx_word' id='word_1_743' title='bbox 1058 4398 1193 4452; x_wconf 74' lang='lat' dir='ltr'>restitutas</span> <span class='ocrx_word' id='word_1_744' title='bbox 1205 4411 1221 4451; x_wconf 93' lang='lat' dir='ltr'>a</span> <span class='ocrx_word' id='word_1_745' title='bbox 1235 4397 1314 4453; x_wconf 83' lang='lat' dir='ltr'>trobis</span> <span class='ocrx_word' id='word_1_746' title='bbox 1324 4397 1468 4453; x_wconf 72' lang='lat' dir='ltr'>sententian</span> <span class='ocrx_word' id='word_1_747' title='bbox 1481 4400 1551 4454; x_wconf 90' lang='lat' dir='ltr'>ratio</span> <span class='ocrx_word' id='word_1_748' title='bbox 1565 4399 1633 4456; x_wconf 82' lang='lat' dir='ltr'>satis</span> <span class='ocrx_word' id='word_1_749' title='bbox 1642 4416 1721 4456; x_wconf 83' lang='lat' dir='ltr'>eorru-</span> 
     </span>
     <span class='ocr_line' id='line_1_49' title="bbox 93 4467 1465 4564; baseline -0.007 -31"><span class='ocrx_word' id='word_1_750' title='bbox 93 4476 214 4550; x_wconf 69' lang='lat' dir='ltr'>ideone</span> <span class='ocrx_word' id='word_1_751' title='bbox 229 4475 282 4530; x_wconf 87' lang='lat' dir='ltr'>bie</span> <span class='ocrx_word' id='word_1_752' title='bbox 293 4473 363 4530; x_wconf 90' lang='lat' dir='ltr'>bene</span> <span class='ocrx_word' id='word_1_753' title='bbox 372 4467 516 4542; x_wconf 69' lang='lat' dir='ltr'>Augustini</span> <span class='ocrx_word' id='word_1_754' title='bbox 529 4467 617 4525; x_wconf 85' lang='lat' dir='ltr'>codex</span> <span class='ocrx_word' id='word_1_755' title='bbox 626 4468 724 4524; x_wconf 82' lang='lat' dir='ltr'>anirnoe</span> <span class='ocrx_word' id='word_1_756' title='bbox 735 4481 808 4537; x_wconf 82' lang='lat' dir='ltr'>men,</span> <span class='ocrx_word' id='word_1_757' title='bbox 819 4479 869 4539; x_wconf 90' lang='lat' dir='ltr'>pro</span> <span class='ocrx_word' id='word_1_758' title='bbox 881 4499 908 4564; x_wconf 71' lang='lat' dir='ltr'>D</span> <span class='ocrx_word' id='word_1_759' title='bbox 922 4468 1001 4524; x_wconf 86' lang='lat' dir='ltr'>rrrode</span> <span class='ocrx_word' id='word_1_760' title='bbox 1016 4467 1111 4523; x_wconf 87' lang='lat' dir='ltr'>lectori</span> <span class='ocrx_word' id='word_1_761' title='bbox 1127 4475 1271 4539; x_wconf 82' lang='lat' dir='ltr'>perspecta</span> <span class='ocrx_word' id='word_1_762' title='bbox 1283 4483 1347 4523; x_wconf 88' lang='lat' dir='ltr'>esso</span> <span class='ocrx_word' id='word_1_763' title='bbox 1362 4479 1465 4538; x_wconf 88' lang='lat' dir='ltr'>posset.</span> 
     </span>
     <span class='ocr_line' id='line_1_50' title="bbox 64 4537 1721 4614; baseline -0.002 -11"><span class='ocrx_word' id='word_1_764' title='bbox 64 4549 136 4604; x_wconf 83' lang='lat' dir='ltr'>mimi</span> <span class='ocrx_word' id='word_1_765' title='bbox 147 4551 321 4605; x_wconf 81' lang='lat' dir='ltr'>dumtaxat.</span> <span class='ocrx_word' id='word_1_766' title='bbox 909 4543 912 4548; x_wconf 84' lang='grc'><em>“</em></span> <span class='ocrx_word' id='word_1_767' title='bbox 959 4538 970 4578; x_wconf 78' lang='lat'><strong><em>¹</em></strong></span> <span class='ocrx_word' id='word_1_768' title='bbox 993 4537 1026 4593; x_wconf 79' lang='lat' dir='ltr'>Et</span> <span class='ocrx_word' id='word_1_769' title='bbox 1042 4538 1214 4609; x_wconf 83' lang='lat' dir='ltr'>particulam,</span> <span class='ocrx_word' id='word_1_770' title='bbox 1229 4547 1257 4594; x_wconf 90' lang='lat' dir='ltr'>ct</span> <span class='ocrx_word' id='word_1_771' title='bbox 1275 4537 1366 4595; x_wconf 78' lang='lat' dir='ltr'>ducalis</span> <span class='ocrx_word' id='word_1_772' title='bbox 1385 4549 1485 4611; x_wconf 84' lang='lat' dir='ltr'>purncla</span> <span class='ocrx_word' id='word_1_773' title='bbox 1506 4557 1566 4613; x_wconf 78' lang='lat' dir='ltr'>qum</span> <span class='ocrx_word' id='word_1_774' title='bbox 1587 4541 1721 4614; x_wconf 84' lang='lat' dir='ltr'>deerant,</span> 
     </span>
     <span class='ocr_line' id='line_1_51' title="bbox 94 4608 1723 4685; baseline -0.004 -8"><span class='ocrx_word' id='word_1_775' title='bbox 94 4620 301 4678; x_wconf 71' lang='lat' dir='ltr'>‘suffecimus</span> <span class='ocrx_word' id='word_1_776' title='bbox 312 4615 357 4671; x_wconf 82' lang='lat' dir='ltr'>laic</span> <span class='ocrx_word' id='word_1_777' title='bbox 366 4611 471 4685; x_wconf 78' lang='lat' dir='ltr'>reliqua</span> <span class='ocrx_word' id='word_1_778' title='bbox 480 4611 623 4683; x_wconf 73' lang='lat' dir='ltr'>presentis</span> <span class='ocrx_word' id='word_1_779' title='bbox 632 4609 763 4668; x_wconf 90' lang='lat' dir='ltr'>versiculi</span> <span class='ocrx_word' id='word_1_780' title='bbox 773 4608 867 4678; x_wconf 88' lang='lat' dir='ltr'>verba,</span> <span class='ocrx_word' id='word_1_781' title='bbox 919 4624 970 4667; x_wconf 91' lang='lat' dir='ltr'>nos</span> <span class='ocrx_word' id='word_1_782' title='bbox 982 4613 1167 4678; x_wconf 80' lang='lat' dir='ltr'>reposuimus.</span> <span class='ocrx_word' id='word_1_783' title='bbox 1181 4608 1342 4682; x_wconf 80' lang='lat' dir='ltr'>llujnsrnodi</span> <span class='ocrx_word' id='word_1_784' title='bbox 1354 4612 1415 4668; x_wconf 70' lang='lat' dir='ltr'>alise</span> <span class='ocrx_word' id='word_1_785' title='bbox 1426 4615 1637 4681; x_wconf 85' lang='lat' dir='ltr'>asteriscorum,</span> <span class='ocrx_word' id='word_1_786' title='bbox 1654 4631 1723 4684; x_wconf 93' lang='lat' dir='ltr'>pun·</span> 
     </span>
    </p>
   </div>
   <div class='ocr_carea' id='block_1_7' title="bbox 1 4680 1725 4979">
    <p class='ocr_par' dir='ltr' id='par_1_7' title="bbox 1 4680 1718 4836">
     <span class='ocr_line' id='line_1_52' title="bbox 1 4680 1718 4764; baseline -0.003 -17"><span class='ocrx_word' id='word_1_787' title='bbox 1 4737 2 4758; x_wconf 45' lang='lat'>2</span> <span class='ocrx_word' id='word_1_788' title='bbox 63 4707 113 4746; x_wconf 84' lang='lat' dir='ltr'>ran</span> <span class='ocrx_word' id='word_1_789' title='bbox 124 4693 328 4764; x_wconf 76' lang='lat' dir='ltr'>indicarentur</span> <span class='ocrx_word' id='word_1_790' title='bbox 342 4684 414 4757; x_wconf 87' lang='lat' dir='ltr'>opud</span> <span class='ocrx_word' id='word_1_791' title='bbox 425 4702 466 4741; x_wconf 86' lang='lat' dir='ltr'>nuc</span> <span class='ocrx_word' id='word_1_792' title='bbox 474 4699 484 4752; x_wconf 88' lang='lat'><em>;</em></span> <span class='ocrx_word' id='word_1_793' title='bbox 501 4691 557 4738; x_wconf 87' lang='lat' dir='ltr'>tom</span> <span class='ocrx_word' id='word_1_794' title='bbox 568 4681 686 4739; x_wconf 85' lang='lat' dir='ltr'>solidum</span> <span class='ocrx_word' id='word_1_795' title='bbox 700 4683 870 4750; x_wconf 72' lang='lat' dir='ltr'>subsequen·</span> <span class='ocrx_word' id='word_1_796' title='bbox 920 4690 1083 4752; x_wconf 85' lang='lat' dir='ltr'>clarumque</span> <span class='ocrx_word' id='word_1_797' title='bbox 1097 4689 1170 4736; x_wconf 77' lang='lat' dir='ltr'>notas</span> <span class='ocrx_word' id='word_1_798' title='bbox 1183 4681 1254 4736; x_wconf 86' lang='lat' dir='ltr'>inira</span> <span class='ocrx_word' id='word_1_799' title='bbox 1266 4680 1301 4738; x_wconf 89' lang='lat' dir='ltr'>ad</span> <span class='ocrx_word' id='word_1_800' title='bbox 1315 4681 1418 4742; x_wconf 88' lang='lat' dir='ltr'>codicis</span> <span class='ocrx_word' id='word_1_801' title='bbox 1431 4684 1610 4743; x_wconf 78' lang='lat' dir='ltr'>Alexandrini</span> <span class='ocrx_word' id='word_1_802' title='bbox 1623 4701 1718 4742; x_wconf 83' lang='lat' dir='ltr'>exeun·</span> 
     </span>
     <span class='ocr_line' id='line_1_53' title="bbox 64 4753 1245 4836; baseline -0.011 -18"><span class='ocrx_word' id='word_1_803' title='bbox 64 4769 121 4832; x_wconf 76' lang='lat' dir='ltr'>mm,</span> <span class='ocrx_word' id='word_1_804' title='bbox 136 4765 183 4836; x_wconf 83' lang='lat' dir='ltr'>qni</span> <span class='ocrx_word' id='word_1_805' title='bbox 195 4761 338 4819; x_wconf 83' lang='lat' dir='ltr'>decimus</span> <span class='ocrx_word' id='word_1_806' title='bbox 350 4762 514 4830; x_wconf 86' lang='lat' dir='ltr'>quartusest</span> <span class='ocrx_word' id='word_1_807' title='bbox 527 4755 554 4808; x_wconf 93' lang='lat' dir='ltr'>in</span> <span class='ocrx_word' id='word_1_808' title='bbox 568 4754 602 4810; x_wconf 88' lang='lat' dir='ltr'>iis</span> <span class='ocrx_word' id='word_1_809' title='bbox 613 4753 702 4819; x_wconf 86' lang='lat' dir='ltr'>libris,</span> <span class='ocrx_word' id='word_1_810' title='bbox 716 4753 760 4808; x_wconf 88' lang='lat' dir='ltr'>nbi</span> <span class='ocrx_word' id='word_1_811' title='bbox 775 4766 871 4808; x_wconf 82' lang='lat' dir='ltr'>uorsus</span> <span class='ocrx_word' id='word_1_812' title='bbox 922 4753 996 4825; x_wconf 88' lang='lat' dir='ltr'>plum</span> <span class='ocrx_word' id='word_1_813' title='bbox 1011 4753 1202 4808; x_wconf 88' lang='lat' dir='ltr'>restituuntur.</span> <span class='ocrx_word' id='word_1_814' title='bbox 1241 4759 1245 4763; x_wconf 86' lang='grc'><em>·</em></span> 
     </span>
    </p>

    <p class='ocr_par' dir='ltr' id='par_1_8' title="bbox 1 4822 1725 4899">
     <span class='ocr_line' id='line_1_54' title="bbox 1 4822 1725 4899; baseline -0.008 -7"><span class='ocrx_word' id='word_1_815' title='bbox 1 4885 2 4892; x_wconf 72' lang='grc'>,</span> <span class='ocrx_word' id='word_1_816' title='bbox 63 4837 91 4888; x_wconf 89' lang='lat' dir='ltr'>ad</span> <span class='ocrx_word' id='word_1_817' title='bbox 105 4847 301 4892; x_wconf 88' lang='lat' dir='ltr'>numerorum</span> <span class='ocrx_word' id='word_1_818' title='bbox 313 4833 413 4886; x_wconf 87' lang='lat' dir='ltr'>seriem</span> <span class='ocrx_word' id='word_1_819' title='bbox 425 4833 554 4883; x_wconf 88' lang='lat' dir='ltr'>notantur</span> <span class='ocrx_word' id='word_1_820' title='bbox 571 4841 578 4880; x_wconf 84' lang='grc' dir='ltr'>ι</span> <span class='ocrx_word' id='word_1_821' title='bbox 598 4823 748 4894; x_wconf 82' lang='lat' dir='ltr'>Qnid&#39;cninr</span> <span class='ocrx_word' id='word_1_822' title='bbox 761 4823 870 4892; x_wconf 69' lang='lat' dir='ltr'>lacinia,</span> <span class='ocrx_word' id='word_1_823' title='bbox 959 4833 971 4872; x_wconf 87' lang='grc' dir='ltr'>ι</span> <span class='ocrx_word' id='word_1_824' title='bbox 987 4823 1016 4879; x_wconf 91' lang='lat' dir='ltr'>ln</span> <span class='ocrx_word' id='word_1_825' title='bbox 1039 4823 1160 4880; x_wconf 87' lang='lat' dir='ltr'>editione</span> <span class='ocrx_word' id='word_1_826' title='bbox 1179 4823 1301 4880; x_wconf 79' lang='lat' dir='ltr'>Romana</span> <span class='ocrx_word' id='word_1_827' title='bbox 1325 4822 1398 4882; x_wconf 76' lang='lat' dir='ltr'>lxx</span> <span class='ocrx_word' id='word_1_828' title='bbox 1411 4825 1591 4899; x_wconf 86' lang='lat' dir='ltr'>interpretum</span> <span class='ocrx_word' id='word_1_829' title='bbox 1603 4828 1725 4882; x_wconf 80' lang='lat' dir='ltr'>numerus</span> 
     </span>
    </p>

    <p class='ocr_par' dir='ltr' id='par_1_9' title="bbox 1 4894 1723 4979">
     <span class='ocr_line' id='line_1_55' title="bbox 1 4894 1723 4979; baseline -0.006 -15"><span class='ocrx_word' id='word_1_830' title='bbox 1 4935 2 4940; x_wconf 23' lang='grc' dir='ltr'>ι</span> <span class='ocrx_word' id='word_1_831' title='bbox 62 4907 224 4979; x_wconf 71' lang='lat' dir='ltr'>diudicium</span> <span class='ocrx_word' id='word_1_832' title='bbox 241 4917 338 4959; x_wconf 78' lang='lat' dir='ltr'>meum</span> <span class='ocrx_word' id='word_1_833' title='bbox 352 4899 433 4971; x_wconf 71' lang='lat' dir='ltr'>[udat</span> <span class='ocrx_word' id='word_1_834' title='bbox 447 4897 597 4952; x_wconf 74' lang='lat' dir='ltr'>domnus?</span> <span class='ocrx_word' id='word_1_835' title='bbox 614 4895 684 4966; x_wconf 80' lang='lat' dir='ltr'>qnod</span> <span class='ocrx_word' id='word_1_836' title='bbox 702 4895 763 4950; x_wconf 81' lang='lat' dir='ltr'>ciet</span> <span class='ocrx_word' id='word_1_837' title='bbox 781 4894 872 4949; x_wconf 83' lang='lat' dir='ltr'>uirita-</span> <span class='ocrx_word' id='word_1_838' title='bbox 923 4911 996 4951; x_wconf 82' lang='lat' dir='ltr'>menn</span> <span class='ocrx_word' id='word_1_839' title='bbox 1010 4894 1169 4967; x_wconf 76' lang='lat' dir='ltr'>ojltttttttrn,</span> <span class='ocrx_word' id='word_1_840' title='bbox 1186 4897 1352 4967; x_wconf 69' lang='lat' dir='ltr'>numantinus</span> <span class='ocrx_word' id='word_1_841' title='bbox 1367 4907 1542 4965; x_wconf 79' lang='lat' dir='ltr'>solemmter</span> <span class='ocrx_word' id='word_1_842' title='bbox 1554 4914 1606 4954; x_wconf 85' lang='lat' dir='ltr'>cns.</span> <span class='ocrx_word' id='word_1_843' title='bbox 1619 4908 1723 4967; x_wconf 68' lang='lat' dir='ltr'>noster,</span> 
     </span>
    </p>
   </div>
   <div class='ocr_carea' id='block_1_8' title="bbox 64 4965 1729 5480">
    <p class='ocr_par' dir='ltr' id='par_1_10' title="bbox 64 4965 1232 5049">
     <span class='ocr_line' id='line_1_56' title="bbox 64 4965 1232 5049; baseline -0.01 -16"><span class='ocrx_word' id='word_1_844' title='bbox 64 4979 163 5046; x_wconf 80' lang='lat' dir='ltr'>dunen,</span> <span class='ocrx_word' id='word_1_845' title='bbox 179 4976 260 5049; x_wconf 82' lang='lat' dir='ltr'>pand</span> <span class='ocrx_word' id='word_1_846' title='bbox 271 4986 432 5044; x_wconf 75' lang='lat' dir='ltr'>remaneam</span> <span class='ocrx_word' id='word_1_847' title='bbox 445 4967 536 5024; x_wconf 82' lang='lat' dir='ltr'>dodoi</span> <span class='ocrx_word' id='word_1_848' title='bbox 547 4966 722 5024; x_wconf 86' lang='lat' dir='ltr'>Deeratante</span> <span class='ocrx_word' id='word_1_849' title='bbox 733 4981 783 5021; x_wconf 88' lang='lat' dir='ltr'>nos</span> <span class='ocrx_word' id='word_1_850' title='bbox 796 4973 873 5022; x_wconf 91' lang='lat' dir='ltr'>tanta</span> <span class='ocrx_word' id='word_1_851' title='bbox 923 4983 941 5022; x_wconf 90' lang='lat' dir='ltr'>n</span> <span class='ocrx_word' id='word_1_852' title='bbox 951 4966 1049 5039; x_wconf 69' lang='lat' dir='ltr'>pupulo</span> <span class='ocrx_word' id='word_1_853' title='bbox 1062 4981 1128 5021; x_wconf 83' lang='lat' dir='ltr'>nrco.</span> <span class='ocrx_word' id='word_1_854' title='bbox 1143 4965 1232 5025; x_wconf 73' lang='lat' dir='ltr'>Manu.</span> 
     </span>
    </p>

    <p class='ocr_par' dir='ltr' id='par_1_11' title="bbox 64 5037 1729 5406">
     <span class='ocr_line' id='line_1_57' title="bbox 65 5037 1726 5122; baseline -0.008 -15"><span class='ocrx_word' id='word_1_855' title='bbox 65 5057 167 5122; x_wconf 67' lang='lat' dir='ltr'>utruque</span> <span class='ocrx_word' id='word_1_856' title='bbox 178 5048 315 5118; x_wconf 72' lang='lat' dir='ltr'>insignis</span> <span class='ocrx_word' id='word_1_857' title='bbox 328 5041 457 5116; x_wconf 70' lang='lat' dir='ltr'>perioche</span> <span class='ocrx_word' id='word_1_858' title='bbox 471 5042 498 5096; x_wconf 81' lang='grc' dir='ltr'>Ιιι</span> <span class='ocrx_word' id='word_1_859' title='bbox 513 5037 609 5094; x_wconf 65' lang='lat' dir='ltr'>Latina</span> <span class='ocrx_word' id='word_1_860' title='bbox 627 5037 679 5094; x_wconf 65' lang='lat' dir='ltr'>itit</span> <span class='ocrx_word' id='word_1_861' title='bbox 692 5037 824 5100; x_wconf 76' lang='lat' dir='ltr'>editione.</span> <span class='ocrx_word' id='word_1_862' title='bbox 840 5052 874 5092; x_wconf 80' lang='lat' dir='ltr'>ex</span> <span class='ocrx_word' id='word_1_863' title='bbox 962 5037 976 5078; x_wconf 83' lang='lat'>¹¹</span> <span class='ocrx_word' id='word_1_864' title='bbox 992 5044 1029 5092; x_wconf 87' lang='lat' dir='ltr'>lta</span> <span class='ocrx_word' id='word_1_865' title='bbox 1043 5038 1125 5093; x_wconf 89' lang='lat' dir='ltr'>etiam</span> <span class='ocrx_word' id='word_1_866' title='bbox 1140 5037 1170 5095; x_wconf 84' lang='lat' dir='ltr'>S.</span> <span class='ocrx_word' id='word_1_867' title='bbox 1185 5038 1361 5108; x_wconf 78' lang='lat' dir='ltr'>naprvstinus.</span> <span class='ocrx_word' id='word_1_868' title='bbox 1379 5040 1444 5108; x_wconf 80' lang='lat' dir='ltr'>alli,</span> <span class='ocrx_word' id='word_1_869' title='bbox 1460 5041 1483 5096; x_wconf 86' lang='lat' dir='ltr'>ri</span> <span class='ocrx_word' id='word_1_870' title='bbox 1497 5039 1572 5109; x_wconf 80' lang='lat' dir='ltr'>poeni</span> <span class='ocrx_word' id='word_1_871' title='bbox 1593 5055 1687 5094; x_wconf 88' lang='lat' dir='ltr'>nnrnm</span> <span class='ocrx_word' id='word_1_872' title='bbox 1698 5039 1726 5094; x_wconf 91' lang='lat' dir='ltr'>in</span> 
     </span>
     <span class='ocr_line' id='line_1_58' title="bbox 64 5107 1727 5183; baseline -0.005 -9"><span class='ocrx_word' id='word_1_873' title='bbox 64 5119 208 5178; x_wconf 86' lang='lat' dir='ltr'>decurtato</span> <span class='ocrx_word' id='word_1_874' title='bbox 218 5129 253 5177; x_wconf 87' lang='lat' dir='ltr'>et</span> <span class='ocrx_word' id='word_1_875' title='bbox 268 5130 374 5174; x_wconf 88' lang='lat' dir='ltr'>manco</span> <span class='ocrx_word' id='word_1_876' title='bbox 385 5110 536 5182; x_wconf 83' lang='lat' dir='ltr'>exemplari</span> <span class='ocrx_word' id='word_1_877' title='bbox 548 5123 678 5180; x_wconf 78' lang='lat' dir='ltr'>expressa</span> <span class='ocrx_word' id='word_1_878' title='bbox 695 5123 794 5179; x_wconf 78' lang='lat' dir='ltr'>:puram</span> <span class='ocrx_word' id='word_1_879' title='bbox 807 5107 875 5164; x_wconf 85' lang='lat' dir='ltr'>ttiiril</span> <span class='ocrx_word' id='word_1_880' title='bbox 925 5111 1048 5182; x_wconf 84' lang='lat' dir='ltr'>conpinnr</span> <span class='ocrx_word' id='word_1_881' title='bbox 1061 5125 1157 5166; x_wconf 82' lang='lat' dir='ltr'>meum.</span> <span class='ocrx_word' id='word_1_882' title='bbox 1169 5108 1301 5166; x_wconf 81' lang='lat' dir='ltr'>Corrierat</span> <span class='ocrx_word' id='word_1_883' title='bbox 1316 5113 1397 5183; x_wconf 74' lang='lat' dir='ltr'>igituir</span> <span class='ocrx_word' id='word_1_884' title='bbox 1407 5112 1493 5168; x_wconf 82' lang='lat' dir='ltr'>lecum</span> <span class='ocrx_word' id='word_1_885' title='bbox 1505 5112 1645 5167; x_wconf 85' lang='lat' dir='ltr'>studiosus</span> <span class='ocrx_word' id='word_1_886' title='bbox 1657 5110 1727 5166; x_wconf 80' lang='lat' dir='ltr'>lianc</span> 
     </span>
     <span class='ocr_line' id='line_1_59' title="bbox 66 5179 1729 5262; baseline -0.005 -15"><span class='ocrx_word' id='word_1_887' title='bbox 66 5194 244 5262; x_wconf 66' lang='lat' dir='ltr'>utdnbinm,</span> <span class='ocrx_word' id='word_1_888' title='bbox 264 5187 330 5245; x_wconf 85' lang='lat' dir='ltr'>sola</span> <span class='ocrx_word' id='word_1_889' title='bbox 342 5182 444 5242; x_wconf 84' lang='lat' dir='ltr'>ueteris</span> <span class='ocrx_word' id='word_1_890' title='bbox 455 5179 633 5238; x_wconf 87' lang='lat' dir='ltr'>arnanuensis</span> <span class='ocrx_word' id='word_1_891' title='bbox 646 5180 791 5236; x_wconf 85' lang='lat' dir='ltr'>oscitantia</span> <span class='ocrx_word' id='word_1_892' title='bbox 802 5179 876 5235; x_wconf 84' lang='lat' dir='ltr'>exci-</span> <span class='ocrx_word' id='word_1_893' title='bbox 926 5181 1074 5238; x_wconf 85' lang='lat' dir='ltr'>editionem</span> <span class='ocrx_word' id='word_1_894' title='bbox 1090 5181 1151 5237; x_wconf 90' lang='lat' dir='ltr'>libri</span> <span class='ocrx_word' id='word_1_895' title='bbox 1167 5180 1218 5236; x_wconf 86' lang='lat' dir='ltr'>lob</span> <span class='ocrx_word' id='word_1_896' title='bbox 1231 5196 1294 5237; x_wconf 89' lang='lat' dir='ltr'>eum</span> <span class='ocrx_word' id='word_1_897' title='bbox 1309 5190 1384 5238; x_wconf 86' lang='lat' dir='ltr'>textu</span> <span class='ocrx_word' id='word_1_898' title='bbox 1399 5181 1612 5238; x_wconf 73' lang='lat' dir='ltr'>Ausancalionnm</span> <span class='ocrx_word' id='word_1_899' title='bbox 1625 5180 1656 5238; x_wconf 85' lang='lat' dir='ltr'>S.</span> <span class='ocrx_word' id='word_1_900' title='bbox 1671 5182 1729 5238; x_wconf 78' lang='lat' dir='ltr'>Aa·</span> 
     </span>
     <span class='ocr_line' id='line_1_60' title="bbox 67 5251 1728 5326; baseline -0.006 -10"><span class='ocrx_word' id='word_1_901' title='bbox 67 5263 143 5321; x_wconf 81' lang='lat' dir='ltr'>disse.</span> <span class='ocrx_word' id='word_1_902' title='bbox 154 5263 307 5321; x_wconf 82' lang='lat' dir='ltr'>Nirnirurn</span> <span class='ocrx_word' id='word_1_903' title='bbox 321 5267 365 5314; x_wconf 85' lang='lat' dir='ltr'>est</span> <span class='ocrx_word' id='word_1_904' title='bbox 378 5256 402 5310; x_wconf 90' lang='lat' dir='ltr'>sl</span> <span class='ocrx_word' id='word_1_905' title='bbox 437 5270 477 5311; x_wconf 79' lang='lat' dir='ltr'>uae</span> <span class='ocrx_word' id='word_1_906' title='bbox 490 5253 543 5310; x_wconf 91' lang='lat' dir='ltr'>alia</span> <span class='ocrx_word' id='word_1_907' title='bbox 560 5266 624 5323; x_wconf 90' lang='lat' dir='ltr'>pars</span> <span class='ocrx_word' id='word_1_908' title='bbox 638 5251 713 5307; x_wconf 85' lang='lat' dir='ltr'>sacri</span> <span class='ocrx_word' id='word_1_909' title='bbox 731 5259 877 5307; x_wconf 81' lang='grc' dir='ltr'>ιιιιιιιιιιιιι</span> <span class='ocrx_word' id='word_1_910' title='bbox 926 5254 1143 5326; x_wconf 57' lang='lat' dir='ltr'>pronuntiarim</span> <span class='ocrx_word' id='word_1_911' title='bbox 1154 5253 1303 5323; x_wconf 76' lang='lat' dir='ltr'>pervidebit</span> <span class='ocrx_word' id='word_1_912' title='bbox 1314 5252 1475 5324; x_wconf 64' lang='lat' dir='ltr'>ipsissimam</span> <span class='ocrx_word' id='word_1_913' title='bbox 1490 5267 1552 5309; x_wconf 87' lang='lat' dir='ltr'>esse</span> <span class='ocrx_word' id='word_1_914' title='bbox 1562 5254 1728 5323; x_wconf 83' lang='lat' dir='ltr'>versionem,</span> 
     </span>
     <span class='ocr_line' id='line_1_61' title="bbox 68 5322 1511 5406; baseline -0.01 -14"><span class='ocrx_word' id='word_1_915' title='bbox 68 5329 417 5406; x_wconf 79' lang='lat' dir='ltr'>cerdssims,cpuaenednrn</span> <span class='ocrx_word' id='word_1_916' title='bbox 448 5324 493 5381; x_wconf 89' lang='lat' dir='ltr'>eb.</span> <span class='ocrx_word' id='word_1_917' title='bbox 502 5322 663 5395; x_wconf 79' lang='lat' dir='ltr'>archetypo,</span> <span class='ocrx_word' id='word_1_918' title='bbox 676 5337 710 5378; x_wconf 86' lang='lat' dir='ltr'>ex</span> <span class='ocrx_word' id='word_1_919' title='bbox 720 5337 775 5392; x_wconf 84' lang='lat' dir='ltr'>quo</span> <span class='ocrx_word' id='word_1_920' title='bbox 782 5331 876 5392; x_wconf 88' lang='lat' dir='ltr'>postea</span> <span class='ocrx_word' id='word_1_921' title='bbox 928 5338 981 5397; x_wconf 79' lang='lat' dir='ltr'>qua</span> <span class='ocrx_word' id='word_1_922' title='bbox 996 5325 1045 5380; x_wconf 91' lang='lat' dir='ltr'>ille</span> <span class='ocrx_word' id='word_1_923' title='bbox 1057 5325 1143 5379; x_wconf 89' lang='lat' dir='ltr'>utitur</span> <span class='ocrx_word' id='word_1_924' title='bbox 1157 5327 1183 5378; x_wconf 91' lang='lat' dir='ltr'>in</span> <span class='ocrx_word' id='word_1_925' title='bbox 1197 5326 1293 5380; x_wconf 91' lang='lat' dir='ltr'>codem</span> <span class='ocrx_word' id='word_1_926' title='bbox 1308 5339 1402 5396; x_wconf 90' lang='lat' dir='ltr'>opere.</span> <span class='ocrx_word' id='word_1_927' title='bbox 1421 5323 1511 5379; x_wconf 77' lang='lat' dir='ltr'>dana.</span> 
     </span>
    </p>

    <p class='ocr_par' dir='ltr' id='par_1_12' title="bbox 69 5393 1728 5480">
     <span class='ocr_line' id='line_1_62' title="bbox 69 5393 1728 5480; baseline -0.004 -21"><span class='ocrx_word' id='word_1_928' title='bbox 69 5408 166 5480; x_wconf 81' lang='lat' dir='ltr'>abipso</span> <span class='ocrx_word' id='word_1_929' title='bbox 180 5408 312 5465; x_wconf 89' lang='lat' dir='ltr'>ilieron.</span> <span class='ocrx_word' id='word_1_930' title='bbox 326 5404 354 5457; x_wconf 91' lang='lat' dir='ltr'>ln</span> <span class='ocrx_word' id='word_1_931' title='bbox 368 5397 495 5454; x_wconf 82' lang='lat' dir='ltr'>Latinum</span> <span class='ocrx_word' id='word_1_932' title='bbox 509 5409 643 5451; x_wconf 89' lang='lat' dir='ltr'>conversa</span> <span class='ocrx_word' id='word_1_933' title='bbox 657 5403 714 5461; x_wconf 89' lang='lat' dir='ltr'>est;</span> <span class='ocrx_word' id='word_1_934' title='bbox 737 5394 784 5449; x_wconf 86' lang='lat' dir='ltr'>sed</span> <span class='ocrx_word' id='word_1_935' title='bbox 804 5402 830 5447; x_wconf 90' lang='lat' dir='ltr'>et</span> <span class='ocrx_word' id='word_1_936' title='bbox 850 5395 877 5448; x_wconf 92' lang='lat' dir='ltr'>in</span> <span class='ocrx_word' id='word_1_937' title='bbox 968 5394 977 5434; x_wconf 70' lang='lat' dir='ltr'>l</span> <span class='ocrx_word' id='word_1_938' title='bbox 1001 5394 1083 5451; x_wconf 81' lang='lat' dir='ltr'>Falso</span> <span class='ocrx_word' id='word_1_939' title='bbox 1094 5403 1175 5450; x_wconf 82' lang='lat' dir='ltr'>aratea</span> <span class='ocrx_word' id='word_1_940' title='bbox 1191 5393 1331 5465; x_wconf 76' lang='lat' dir='ltr'>legebatur</span> <span class='ocrx_word' id='word_1_941' title='bbox 1348 5395 1377 5450; x_wconf 90' lang='lat' dir='ltr'>in</span> <span class='ocrx_word' id='word_1_942' title='bbox 1394 5394 1609 5453; x_wconf 77' lang='lat' dir='ltr'>uenerabilibus.</span> <span class='ocrx_word' id='word_1_943' title='bbox 1630 5394 1728 5453; x_wconf 75' lang='lat' dir='ltr'>Graeco</span> 
     </span>
    </p>
   </div>
   <div class='ocr_carea' id='block_1_9' title="bbox 6 5465 1733 5664">
    <p class='ocr_par' dir='ltr' id='par_1_13' title="bbox 6 5465 1733 5664">
     <span class='ocr_line' id='line_1_63' title="bbox 6 5465 1728 5552; baseline -0.01 -14"><span class='ocrx_word' id='word_1_944' title='bbox 6 5478 8 5537; x_wconf 67' lang='grc' dir='ltr'>ἶ</span> <span class='ocrx_word' id='word_1_945' title='bbox 71 5475 112 5533; x_wconf 80' lang='lat' dir='ltr'>Gr.</span> <span class='ocrx_word' id='word_1_946' title='bbox 126 5485 260 5552; x_wconf 90' lang='lat' dir='ltr'>superat,</span> <span class='ocrx_word' id='word_1_947' title='bbox 278 5489 320 5530; x_wconf 85' lang='lat' dir='ltr'>ex</span> <span class='ocrx_word' id='word_1_948' title='bbox 336 5486 393 5542; x_wconf 79' lang='lat' dir='ltr'>nno</span> <span class='ocrx_word' id='word_1_949' title='bbox 406 5467 561 5525; x_wconf 82' lang='lat' dir='ltr'>versionem</span> <span class='ocrx_word' id='word_1_950' title='bbox 576 5465 646 5521; x_wconf 87' lang='grc' dir='ltr'>Ιιιιιιι</span> <span class='ocrx_word' id='word_1_951' title='bbox 662 5466 779 5530; x_wconf 79' lang='lat' dir='ltr'>ociorem</span> <span class='ocrx_word' id='word_1_952' title='bbox 798 5479 877 5520; x_wconf 88' lang='lat' dir='ltr'>snam</span> <span class='ocrx_word' id='word_1_953' title='bbox 926 5475 1021 5524; x_wconf 38' lang='lat' dir='ltr'>&#39;autem</span> <span class='ocrx_word' id='word_1_954' title='bbox 1035 5475 1088 5533; x_wconf 86' lang='lat' dir='ltr'>est,</span> <span class='ocrx_word' id='word_1_955' title='bbox 1104 5467 1146 5523; x_wconf 72' lang='grc' dir='ltr'>ιιι·</span> <span class='ocrx_word' id='word_1_956' title='bbox 1156 5466 1348 5544; x_wconf 68' lang='grc' dir='ltr'>ἀναριθμήτοις,</span> <span class='ocrx_word' id='word_1_957' title='bbox 1360 5468 1437 5535; x_wconf 80' lang='lat' dir='ltr'>juata</span> <span class='ocrx_word' id='word_1_958' title='bbox 1452 5467 1524 5539; x_wconf 82' lang='lat' dir='ltr'>quod</span> <span class='ocrx_word' id='word_1_959' title='bbox 1537 5469 1728 5523; x_wconf 68' lang='lat' dir='ltr'>emendaturo.</span> 
     </span>
     <span class='ocr_line' id='line_1_64' title="bbox 9 5535 1733 5664; baseline -0.009 -57"><span class='ocrx_word' id='word_1_960' title='bbox 9 5575 10 5579; x_wconf 40' lang='lat'>¹</span> <span class='ocrx_word' id='word_1_961' title='bbox 73 5539 599 5614; x_wconf 77' lang='lat' dir='ltr'>adornavit.Verbasnrtt.spnupivns</span> <span class='ocrx_word' id='word_1_962' title='bbox 612 5536 880 5664; x_wconf 56' lang='grc' dir='ltr'>αὐτῶνπρὸιιςὲιηί</span> <span class='ocrx_word' id='word_1_963' title='bbox 968 5535 1043 5592; x_wconf 77' lang='lat' dir='ltr'>itit</span> <span class='ocrx_word' id='word_1_964' title='bbox 1056 5537 1086 5594; x_wconf 84' lang='lat' dir='ltr'>S.</span> <span class='ocrx_word' id='word_1_965' title='bbox 1101 5543 1266 5661; x_wconf 39' lang='lat' dir='ltr'>deposimus</span> <span class='ocrx_word' id='word_1_966' title='bbox 1280 5540 1313 5592; x_wconf 88' lang='lat' dir='ltr'>ad</span> <span class='ocrx_word' id='word_1_967' title='bbox 1328 5543 1399 5595; x_wconf 84' lang='lat' dir='ltr'>lunae</span> <span class='ocrx_word' id='word_1_968' title='bbox 1421 5537 1733 5606; x_wconf 80' lang='lat' dir='ltr'>loournrconrcriptio·</span> 
     </span>
    </p>
   </div>
   <div class='ocr_carea' id='block_1_10' title="bbox 72 5605 1771 5838">
    <p class='ocr_par' dir='ltr' id='par_1_14' title="bbox 72 5605 1771 5838">
     <span class='ocr_line' id='line_1_65' title="bbox 72 5605 1771 5700; baseline -0.012 -17"><span class='ocrx_word' id='word_1_969' title='bbox 72 5625 237 5700; x_wconf 64' lang='lat' dir='ltr'>piperataria,</span> <span class='ocrx_word' id='word_1_970' title='bbox 256 5613 412 5676; x_wconf 67' lang='lat' dir='ltr'>testreet-1</span> <span class='ocrx_word' id='word_1_971' title='bbox 426 5632 477 5684; x_wconf 75' lang='lat' dir='ltr'>pou</span> <span class='ocrx_word' id='word_1_972' title='bbox 490 5614 587 5682; x_wconf 77' lang='grc' dir='ltr'>ποιήσῃ</span> <span class='ocrx_word' id='word_1_973' title='bbox 601 5608 613 5665; x_wconf 85' lang='grc' dir='ltr'><strong>ὁ</strong></span> <span class='ocrx_word' id='word_1_974' title='bbox 626 5605 728 5692; x_wconf 69' lang='grc' dir='ltr'>κύριοι.</span> <span class='ocrx_word' id='word_1_975' title='bbox 743 5610 786 5663; x_wconf 79' lang='lat' dir='ltr'>irin</span> <span class='ocrx_word' id='word_1_976' title='bbox 838 5611 881 5663; x_wconf 75' lang='lat' dir='ltr'>ml</span> <span class='ocrx_word' id='word_1_977' title='bbox 932 5611 1027 5664; x_wconf 82' lang='lat' dir='ltr'>nemsi</span> <span class='ocrx_word' id='word_1_978' title='bbox 1045 5625 1124 5681; x_wconf 78' lang='lat' dir='ltr'>prom</span> <span class='ocrx_word' id='word_1_979' title='bbox 1164 5607 1238 5663; x_wconf 83' lang='lat' dir='ltr'>obeo.</span> <span class='ocrx_word' id='word_1_980' title='bbox 1255 5605 1290 5662; x_wconf 81' lang='grc' dir='ltr'>Ει</span> <span class='ocrx_word' id='word_1_981' title='bbox 1304 5610 1327 5665; x_wconf 86' lang='lat' dir='ltr'>ci</span> <span class='ocrx_word' id='word_1_982' title='bbox 1341 5626 1393 5666; x_wconf 89' lang='lat' dir='ltr'>non</span> <span class='ocrx_word' id='word_1_983' title='bbox 1408 5610 1511 5683; x_wconf 82' lang='lat' dir='ltr'>disrupi</span> <span class='ocrx_word' id='word_1_984' title='bbox 1522 5625 1580 5666; x_wconf 82' lang='lat' dir='ltr'>cour</span> <span class='ocrx_word' id='word_1_985' title='bbox 1591 5627 1670 5683; x_wconf 85' lang='lat' dir='ltr'>snper</span> <span class='ocrx_word' id='word_1_986' title='bbox 1681 5609 1733 5663; x_wconf 79' lang='lat' dir='ltr'>bn·</span> <span class='ocrx_word' id='word_1_987' title='bbox 1763 5611 1771 5624; x_wconf 93' lang='lat'><em>&#39;</em></span> 
     </span>
     <span class='ocr_line' id='line_1_66' title="bbox 75 5679 1738 5765; baseline -0.005 -15"><span class='ocrx_word' id='word_1_988' title='bbox 75 5697 224 5763; x_wconf 54' lang='lat' dir='ltr'>munus-m</span> <span class='ocrx_word' id='word_1_989' title='bbox 250 5693 321 5750; x_wconf 76' lang='lat' dir='ltr'>rina</span> <span class='ocrx_word' id='word_1_990' title='bbox 334 5686 470 5765; x_wconf 69' lang='lat' dir='ltr'>indeptum</span> <span class='ocrx_word' id='word_1_991' title='bbox 483 5686 642 5754; x_wconf 64' lang='lat' dir='ltr'>rammam</span> <span class='ocrx_word' id='word_1_992' title='bbox 658 5694 703 5735; x_wconf 84' lang='lat' dir='ltr'>nus</span> <span class='ocrx_word' id='word_1_993' title='bbox 716 5687 806 5734; x_wconf 89' lang='lat' dir='ltr'>antem</span> <span class='ocrx_word' id='word_1_994' title='bbox 820 5691 881 5750; x_wconf 85' lang='lat' dir='ltr'>qum</span> <span class='ocrx_word' id='word_1_995' title='bbox 931 5695 1017 5736; x_wconf 80' lang='lat' dir='ltr'>meror</span> <span class='ocrx_word' id='word_1_996' title='bbox 1030 5694 1100 5737; x_wconf 83' lang='lat' dir='ltr'>oreon</span> <span class='ocrx_word' id='word_1_997' title='bbox 1113 5722 1122 5750; x_wconf 91' lang='lat'>,</span> <span class='ocrx_word' id='word_1_998' title='bbox 1137 5687 1162 5736; x_wconf 85' lang='lat' dir='ltr'>ct</span> <span class='ocrx_word' id='word_1_999' title='bbox 1182 5689 1322 5739; x_wconf 80' lang='lat' dir='ltr'>coronatur</span> <span class='ocrx_word' id='word_1_1000' title='bbox 1336 5683 1421 5758; x_wconf 77' lang='lat' dir='ltr'>lcpnnc</span> <span class='ocrx_word' id='word_1_1001' title='bbox 1434 5699 1514 5761; x_wconf 83' lang='lat' dir='ltr'>tnpcr</span> <span class='ocrx_word' id='word_1_1002' title='bbox 1526 5679 1649 5740; x_wconf 75' lang='lat' dir='ltr'>lunen</span> <span class='ocrx_word' id='word_1_1003' title='bbox 1664 5697 1738 5742; x_wconf 83' lang='lat' dir='ltr'>nuent</span> 
     </span>
     <span class='ocr_line' id='line_1_67' title="bbox 77 5750 1102 5838; baseline -0.012 -16"><span class='ocrx_word' id='word_1_1004' title='bbox 77 5767 161 5824; x_wconf 75' lang='lat' dir='ltr'>latrum</span> <span class='ocrx_word' id='word_1_1005' title='bbox 182 5759 399 5838; x_wconf 74' lang='lat' dir='ltr'>supplevimus,</span> <span class='ocrx_word' id='word_1_1006' title='bbox 417 5755 549 5810; x_wconf 78' lang='lat' dir='ltr'>corbaal</span> <span class='ocrx_word' id='word_1_1007' title='bbox 567 5750 678 5808; x_wconf 81' lang='lat' dir='ltr'>uerbum</span> <span class='ocrx_word' id='word_1_1008' title='bbox 694 5751 879 5820; x_wconf 81' lang='lat' dir='ltr'>respondeat:</span> <span class='ocrx_word' id='word_1_1009' title='bbox 933 5751 1102 5820; x_wconf 71' lang='lat' dir='ltr'>decennem.</span> 
     </span>
    </p>
   </div>
   <div class='ocr_carea' id='block_1_11' title="bbox 77 5822 879 5916">
    <p class='ocr_par' dir='ltr' id='par_1_15' title="bbox 77 5822 879 5916">
     <span class='ocr_line' id='line_1_68' title="bbox 77 5822 879 5916; baseline -0.017 -18"><span class='ocrx_word' id='word_1_1010' title='bbox 77 5845 166 5916; x_wconf 81' lang='lat' dir='ltr'>utque</span> <span class='ocrx_word' id='word_1_1011' title='bbox 179 5851 286 5904; x_wconf 86' lang='lat' dir='ltr'>eorum</span> <span class='ocrx_word' id='word_1_1012' title='bbox 305 5827 432 5891; x_wconf 81' lang='lat' dir='ltr'>maxima</span> <span class='ocrx_word' id='word_1_1013' title='bbox 444 5822 633 5902; x_wconf 79' lang='lat' dir='ltr'>perurvnitatis</span> <span class='ocrx_word' id='word_1_1014' title='bbox 652 5829 694 5882; x_wconf 90' lang='lat' dir='ltr'>est</span> <span class='ocrx_word' id='word_1_1015' title='bbox 708 5830 784 5896; x_wconf 90' lang='lat' dir='ltr'>uota,</span> <span class='ocrx_word' id='word_1_1016' title='bbox 799 5835 879 5884; x_wconf 83' lang='lat' dir='ltr'>utca-</span> 
     </span>
    </p>
   </div>
   <div class='ocr_carea' id='block_1_12' title="bbox 0 0 2016 6324">
    <p class='ocr_par' dir='ltr' id='par_1_16' title="bbox 0 0 2016 6324">
     <span class='ocr_line' id='line_1_69' title="bbox 0 0 2016 6324; baseline 0 0"><span class='ocrx_word' id='word_1_1017' title='bbox 0 0 2016 6324; x_wconf 95' lang='lat' dir='ltr'> </span> 
     </span>
    </p>
   </div>
  </div>
 </body>
</html>
