4017 6334
121 461 175 535 boc
188 478 216 536 iu
236 477 405 551 peregrimn
420 476 468 549 oui
479 476 848 538 uounooiunreddideranr
858 479 923 536 oba·
935 487 961 548 ,n
977 486 1044 547 tres,
1057 489 1084 534 er
1099 491 1157 545 eos,
1168 479 1213 551 qrri
1228 478 1388 550 suscipiunt,
1404 479 1538 550 prohibet,
1553 490 1582 539 et
1595 479 1629 538 de
1650 479 1772 538 Ecclesia

121 570 194 627 nitori
210 579 264 628 tuce
279 569 306 628 iu
317 581 464 641 conspectu
476 569 622 630 Ecclesiae:
637 586 725 644 quos,
739 572 923 639 benefaciens,
976 570 1060 642 ejicit.
1074 571 1252 640 cuadsatme,
1268 571 1325 630 noli
1339 571 1441 632 imitari
1456 573 1568 644 malum,
1583 575 1713 648 sedquod
1725 575 1773 632 ho·

122 662 244 721 deduces
265 663 347 735 digne
361 664 427 724 Ileo.
443 664 498 722 Pro
510 666 620 724 nornine
638 666 714 724 enirn
730 667 791 740 cjns
807 666 924 741 proiecti
975 681 1040 722 uum
1056 673 1107 722 est.
1122 665 1174 734 Qui
1189 664 1340 734 benefacit,
1353 681 1387 723 er
1402 665 1458 724 ileo
1481 677 1546 724 est:
1565 666 1610 740 qui
1625 665 1771 739 malefacit,

120 768 194 826 suut,
209 756 278 814 nihil
289 759 455 828 accipientes
467 773 484 815 a
497 760 634 831 uentibus.
646 761 700 818 Nos
711 777 776 834 ergo
789 761 922 820 debemus
974 772 1029 814 uon
1049 758 1117 814 ridtr
1133 757 1230 815 haurn.
1246 758 1386 816 Demetrio
1401 761 1585 818 testimonium
1601 760 1722 818 redditur
1736 762 1771 818 ab

120 848 260 921 suscipere
282 848 461 922 istiusmodi,
484 859 514 908 ut
534 861 727 924 cooperatores
746 853 833 910 simos
850 854 921 910 reri·
971 850 1110 919 omuibus,
1125 860 1153 906 er
1166 850 1202 907 ah
1214 851 1466 922 ipsareriratc,sod
1480 864 1507 909 et
1518 868 1569 910 nos
1586 853 1770 910 testimouium

119 945 193 1001 tatis.
216 943 394 1018 Scripsisuem
418 945 531 1004 forsitan
557 946 709 1006 Ecclesiae:
735 948 784 1005 sed
806 948 848 1015 is,
872 949 920 1020 qui
955 945 1165 1018 perhibemus:
1181 945 1287 1002 ernosri
1302 947 1430 1020 quoniam
1452 947 1634 1004 testimonium
1647 956 1771 1006 nostrum

119 1049 191 1095 amat
210 1039 357 1113 primarum
372 1056 468 1113 perere
483 1040 511 1098 in
526 1041 579 1115 eis,
593 1042 766 1114 biotreplrcs,
782 1058 836 1098 aron
851 1041 921 1098 reci·
972 1053 1065 1096 rerum
1074 1038 1297 1096 est.llulrahaluri
1307 1040 1355 1096 tibi
1365 1039 1772 1112 scrihererseduoluiperatra-

118 1133 157 1206 pit
180 1147 241 1194 uos.
264 1133 381 1206 Propter
404 1133 456 1192 hoc
473 1136 497 1192 si
517 1150 635 1206 vertero,
660 1135 842 1192 corrrmoneho
860 1135 921 1206 ejus
972 1142 1093 1189 mentum
1107 1142 1135 1190 et
1146 1133 1280 1190 calamum
1295 1133 1418 1190 scrihere
1432 1132 1490 1189 tihi.
1502 1132 1590 1204 Spero
1602 1143 1694 1188 auteur
1708 1147 1770 1205 pro-

117 1243 213 1302 opera,
226 1244 286 1302 quae
302 1229 368 1288 lacit
380 1232 471 1287 uerbis
483 1230 608 1304 rualipnis
624 1229 749 1304 garriens
767 1232 795 1286 iu
811 1244 877 1286 roos:
892 1240 920 1287 ct
972 1226 1046 1283 tinus
1061 1231 1087 1282 tc
1099 1224 1200 1294 ridere,
1212 1235 1240 1281 er
1252 1241 1283 1282 os
1293 1224 1328 1281 ad
1342 1240 1374 1282 os
1384 1226 1537 1296 loquemur.
1547 1224 1602 1281 rar
1619 1224 1677 1284 ribi.
1690 1224 1770 1283 Salu-

116 1321 194 1398 quasi
207 1337 263 1381 nou
276 1322 302 1380 ci
312 1321 363 1380 ista
376 1323 532 1394 suibciant;
550 1338 638 1396 neque
662 1324 720 1395 ipse
734 1322 848 1394 suscipit
863 1321 919 1378 lra-
971 1327 1030 1378 taut
1045 1327 1071 1377 te
1082 1319 1173 1377 amici.
1186 1319 1279 1377 Saluta
1295 1319 1398 1379 amicos
1408 1318 1578 1378 nominarim.

628 1435 744 1511 Explicit
758 1433 878 1507 Epistola
892 1431 926 1490 B.
940 1432 1054 1491 Jourrrrr'r
1066 1433 1179 1514 oporlolr'
1188 1432 1249 1491 III.

503 1730 589 1845 B·
626 1726 891 1844 ΗΒΕ
915 1727 1385 1846 ΔΡΟδἸὈΙιΙ

872 1925 1021 1992 INCIPIT

422 2092 865 2224 aristosa
913 2087 1463 2222 sardonici.
1936 2053 1945 2074 ‘

121 360 175 420 rso
569 364 598 421 a.
619 361 719 420 ruore
738 362 907 422 erusrotr
927 361 1095 422 srrsrota
1114 363 1321 422 careantur.
1722 364 1776 424 rso

2005 1623 2006 1698 l

2005 1749 2006 1792 l

2005 1861 2006 1912 l

143 2483 231 2542 ludas
241 2483 307 2551 lesu
319 2481 537 2550 chrisciacense,
550 2480 634 2537 irater
646 2487 738 2536 autern
748 2477 852 2548 lucebi,
869 2477 913 2534 his
927 2458 952 2520 Β
965 2475 1007 2533 bis
1020 2485 1147 2545 morture,
1161 2476 1316 2544 erudientur,
1327 2475 1425 2534 durrus
1440 2475 1490 2534 ieri
1501 2477 1751 2552 maris,‚dcspumau
1837 2473 1846 2489 '

111 2576 156 2649 qui
169 2586 235 2633 suut
250 2576 279 2634 in
292 2574 348 2633 bea
361 2574 441 2631 Patre
458 2573 581 2642 dilectis,
600 2582 629 2630 et
644 2571 752 2630 Christo
765 2569 830 2628 lesu
844 2585 911 2628 con·
965 2579 1006 2626 tes
1015 2583 1078 2626 suns
1088 2569 1273 2636 contorsiones,
1284 2568 1374 2626 sidera
1386 2569 1520 2625 errantia:
1533 2569 1631 2640 quibos
1646 2570 1764 2642 procella

111 2671 243 2739 nemetis,
259 2677 288 2728 et
306 2670 422 2727 uocatis.
442 2666 628 2726 Misericordia
643 2666 737 2732 robis,
751 2676 779 2722 et
798 2679 868 2736 pax,
885 2672 913 2720 er
965 2663 1139 2722 tenebrarum
1164 2670 1272 2718 serrata
1294 2670 1338 2718 est
1363 2660 1390 2717 io
1415 2669 1559 2719 uterorum.
1588 2662 1765 2732 Proplretarit

70 2759 74 2764 ’
111 2763 232 2821 ebaritas
244 2761 436 2836 adimpleatur.
446 2760 617 2829 Clrarissiuri,
627 2773 736 2816 omnem
752 2757 912 2814 sollicitudi·
963 2768 1054 2815 auteur
1072 2767 1100 2814 et
1112 2757 1146 2814 dc
1161 2755 1204 2812 lais
1221 2757 1353 2826 septimus
1368 2755 1403 2813 ab
1417 2753 1503 2812 Adam
1519 2756 1628 2826 Enoch,
1645 2756 1761 2814 dicens:

111 2871 172 2914 uem
184 2855 289 2914 beleus
297 2854 437 2914 scribendi
451 2855 528 2912 robis
537 2853 572 2910 dc
584 2852 723 2930 corpmuni
738 2859 827 2909 restra
839 2850 912 2906 salu·
965 2851 1034 2908 Ecce
1049 2849 1125 2908 venir
1138 2850 1270 2908 Dominus
1284 2850 1311 2908 lu
1331 2850 1433 2906 narretis
1453 2849 1650 2908 ruillibussrris.
1663 2849 1764 2909 Facere

112 2961 154 3019 tc,
169 2964 286 3010 necesse
299 2948 382 3008 habui
394 2948 515 3006 scribere
529 2947 605 3003 robis
623 2965 631 3000 ι
647 2946 797 3016 deprecans
816 2959 912 3013 super-
961 2943 1094 3016 judicium
1109 2952 1204 3000 contra
1216 2957 1323 3012 orrrnes,
1338 2953 1493 3014 elanguere
1507 2957 1603 3002 umores
1618 2944 1715 3016 impios
1730 2944 1764 3001 de

110 3044 208 3102 certari
233 3043 320 3100 seond
345 3041 451 3100 tradite
471 3041 573 3097 sanctis
596 3039 669 3097 fidei.
692 3038 913 3099 subintroierunt
963 3039 1090 3098 omuibus
1115 3035 1245 3112 operibus
1268 3038 1413 3110 impietatis
1433 3054 1545 3106 eorunr,
1568 3039 1666 3106 ouibus
1681 3039 1764 3111 impie

110 3135 183 3193 enirn
194 3135 305 3209 quidam
319 3133 445 3193 homines
464 3133 533 3206 (qod
548 3132 613 3189 oliru
631 3131 784 3204 proscripti
797 3138 862 3188 sunt
883 3131 912 3187 irr
963 3142 1089 3206 ererum,
1102 3143 1128 3190 el
1144 3135 1178 3190 de
1189 3132 1411 3202 omnibusduris,
1422 3148 1484 3206 quac
1499 3132 1658 3191 lucutisurrt
1668 3143 1764 3192 corrtra

111 3227 317 3302 boeiudicium)
331 3227 418 3299 impii,
430 3227 479 3284 bei
492 3227 702 3298 nostrigrariam
716 3224 913 3282 transiereotrs
963 3230 1049 3286 nean
1064 3238 1226 3300 peccatores
1240 3228 1326 3300 impii.
1344 3227 1377 3284 tti
1393 3237 1458 3284 suut
1470 3237 1686 3288 murmuratores
1698 3245 1765 3303 qoo-

111 3323 139 3380 in
159 3323 319 3393 luxuriam,
343 3331 373 3378 ct
392 3321 483 3378 solum
498 3319 701 3378 bomInatorem
715 3328 744 3377 et
766 3319 911 3376 malaura
963 3319 1066 3390 culosi,
1087 3318 1238 3377 secuudum
1259 3318 1393 3378 desideria
1412 3335 1461 3376 sua
1478 3321 1670 3388 ambulantes,
1685 3329 1713 3378 et
1731 3335 1765 3379 us

111 3431 235 3477 nostrum
248 3417 342 3476 lesum
351 3416 491 3476 Christum
508 3432 649 3493 negantes.
664 3418 847 3476 Commonere
860 3431 911 3472 au·
963 3427 1058 3470 eurum
1074 3413 1195 3486 loquitur
1209 3413 1337 3486 superba,
1351 3412 1483 3470 mirantes
1499 3428 1631 3484 personas
1643 3424 1764 3486 quaestus

112 3519 167 3568 tem
180 3528 229 3570 roe
242 3512 317 3582 volu,
331 3513 451 3570 seientes
463 3511 549 3570 semel
563 3511 665 3581 omnia,
680 3511 809 3584 quooiarn
831 3509 912 3568 lesus
962 3503 1119 3562 causatos
1132 3515 1233 3573 arrum,
1245 3504 1409 3572 charissimi,
1419 3519 1554 3562 memores
1564 3515 1653 3564 estote
1666 3509 1766 3564 uerbu-
1810 3563 1812 3568 ,

111 3608 241 3680 populoru
257 3607 293 3666 de
307 3617 380 3665 terra
392 3606 502 3682 AEpypri
521 3606 641 3674 salvans,
654 3606 777 3666 meando
789 3623 849 3672 eos,
865 3606 912 3680 qui
963 3617 1040 3670 rum,
1057 3616 1118 3672 qrrae
1138 3599 1269 3672 praedicta
1283 3601 1394 3657 suntab
1408 3599 1540 3670 apostulis
1555 3600 1662 3672 Domini
1677 3601 1764 3658 nostri

111 3717 166 3758 oon
179 3702 370 3771 crediderunt,
392 3701 529 3774 perdidit:
546 3703 659 3775 angelos
680 3715 763 3772 reru,
788 3701 833 3770 oui
857 3715 912 3757 rron
962 3692 1027 3768 lesu
1047 3690 1165 3762 Christi,
1179 3696 1224 3763 oui
1238 3691 1365 3749 dicebaut
1380 3693 1474 3761 robis,
1489 3692 1616 3767 quostiam
1628 3693 1656 3750 in
1670 3693 1764 3750 noris·

112 3804 291 3854 rerrrrernnt
308 3811 388 3853 runur
407 3797 608 3870 principatum,
636 3797 685 3853 sed
707 3796 913 3868 dereliquerunt
965 3786 1036 3845 simo
1050 3795 1173 3858 ternpore
1186 3785 1296 3844 uenient
1309 3785 1614 3854 illusores‚secundunr
1628 3785 1763 3844 desideria
1847 3841 1852 3856 ,

110 3905 191 3949 suum
205 3891 392 3959 domicilium,
416 3891 444 3948 in
455 3889 588 3962 judicium
610 3889 783 3964 magnidici,
797 3863 949 3946 uinculisc
965 3895 1015 3938 sua
1026 3879 1198 3938 umbulantes
1213 3879 1240 3935 iu
1255 3878 1453 3951 impietatibus.
1470 3879 1500 3936 ili
1515 3889 1595 3949 sunt,
1610 3880 1656 3952 qui
1673 3895 1767 3952 segre·

112 3985 221 4060 aremii
239 3984 291 4043 aab
315 3980 432 4056 ealigine
454 3983 614 4042 reservavit,
635 3984 713 4042 sicar
737 3982 865 4050 Sodoma,
885 3990 914 4039 er
963 3985 1029 4048 gant
1042 3975 1222 4045 semetipsos,
1234 3973 1385 4042 ariardus,
1409 3973 1535 4044 spiritum
1551 3988 1605 4031 non
1620 3972 1762 4052 habentes

112 4075 276 4150 Querens,
292 4086 322 4134 et
338 4077 461 4134 iuiunrae
479 4078 603 4136 civitates
625 4077 707 4135 simili
725 4076 807 4134 maria
821 4075 912 4134 erior-
964 4067 1020 4124 Vos
1033 4066 1309 4134 aurernetrariosiroi,
1322 4065 1570 4138 superaedidcantes
1581 4067 1764 4138 nosmetipsos

111 4169 221 4236 nirata,
233 4179 263 4227 et
274 4169 407 4227 abeuntes
418 4179 482 4242 post
493 4184 604 4227 errorem
618 4167 745 4238 alterurn,
759 4168 837 4226 lacre
849 4177 913 4225 sucat
964 4165 1145 4223 sanctissimae
1156 4172 1255 4221 restrae
1271 4163 1349 4230 lidei,
1375 4163 1403 4220 in
1421 4162 1519 4236 spiritu
1534 4171 1630 4221 sarrrto
1641 4170 1763 4232 orarrtes,

111 4263 281 4334 exeroplonr,
297 4263 367 4338 iguis
379 4264 476 4322 eterni
491 4279 600 4337 poeuam
614 4263 793 4322 sustinentes.
808 4264 913 4324 Simili-
964 4257 1183 4332 nosmetipsosiu
1194 4255 1340 4314 dilectione
1350 4255 1399 4312 bei
1410 4265 1562 4326 servantes,
1574 4264 1764 4329 exspectantes

110 4362 155 4411 ter
167 4363 197 4411 cl
214 4354 241 4411 hi
253 4369 366 4413 carnem
386 4356 497 4428 qrridem
519 4357 675 4423 maculant,
698 4355 913 4417 dominationem
964 4351 1180 4411 misericordiam
1200 4351 1305 4408 bonrini
1330 4351 1418 4408 nostri
1437 4349 1502 4408 lesu
1517 4349 1616 4408 Christi
1638 4348 1665 4406 in
1681 4349 1764 4404 ullam

111 4454 206 4502 auteur
226 4458 378 4519 spernunt,
401 4448 572 4520 majestatem
595 4458 686 4506 autem
710 4450 912 4520 blasphemant.
965 4459 1108 4506 aeternam.
1126 4448 1157 4503 la'r
1181 4445 1232 4504 hos
1254 4447 1363 4518 quidem
1386 4447 1493 4516 arguite
1514 4443 1675 4516 judicatus:
1702 4445 1764 4502 ilios

110 4536 183 4595 Cum
201 4540 314 4598 llichael
328 4541 507 4615 archangelus
520 4559 582 4600 cum
595 4543 704 4601 diabolo
718 4541 861 4616 disputans
874 4545 915 4600 ul·
966 4556 1033 4598 reru
1047 4542 1165 4606 saincte,
1179 4540 1213 4597 ds
1225 4540 1288 4612 igno
1301 4541 1450 4612 rapientes.
1464 4538 1534 4596 aliis
1546 4550 1637 4596 aorem
1650 4537 1765 4594 miscro-

111 4640 265 4692 lercaretur
276 4635 312 4692 de
324 4635 414 4709 ltoysi
427 4651 554 4708 corpure,
567 4653 621 4694 nou
633 4647 674 4694 est
685 4652 767 4694 ausus
780 4637 913 4710 iudicIum
967 4634 1035 4690 mioi
1056 4635 1083 4689 iu
1099 4633 1215 4689 timore:
1238 4632 1362 4690 odientes
1376 4640 1404 4688 et
1418 4646 1490 4700 eam,
1505 4645 1568 4704 qum
1580 4631 1698 4686 carrralis
1712 4643 1764 4698 est,

111 4725 568 4801 irrierrehlasphemiuecseddirit:
582 4729 913 4801 impereltilrilloruiuus.
966 4725 1131 4784 maculatam
1151 4725 1280 4782 tunicam.
1302 4724 1334 4780 Ei
1349 4734 1458 4793 autem,
1480 4723 1527 4796 qui
1545 4731 1642 4796 porcus
1660 4732 1703 4780 cst
1717 4737 1767 4780 ros

111 4818 147 4876 Ili
172 4831 283 4893 antem,
301 4838 479 4896 quecumque
497 4824 608 4897 quidem
622 4827 763 4897 ignorant,
785 4824 913 4896 blasphe·
966 4833 1132 4877 conseruare
1154 4820 1213 4878 sinc
1235 4829 1357 4892 peccato,
1380 4827 1408 4876 ot
1429 4819 1595 4876 constituere
1613 4826 1677 4875 ante
1700 4832 1767 4874 con·

111 4922 499 4992 maarrqoaecumqucautem
513 4921 683 4986 naturaliter,
693 4929 829 4993 tamquam
841 4927 915 4976 muta
967 4923 1090 4991 spectum
1106 4916 1201 4988 plorite
1223 4931 1280 4971 sum
1298 4914 1488 4972 immaculatos
1501 4915 1527 4970 in
1541 4913 1722 4970 exsultatione
1738 4913 1767 4970 in

112 5007 253 5079 animalia,
267 5021 379 5078 norunt,
391 5013 418 5068 in
432 5011 474 5069 his
484 5025 707 5082 corrumpuntur.
719 5012 764 5070 loc
773 5013 840 5080 illis,
853 5014 915 5085 quia
968 5012 1088 5069 atreum
1102 5008 1209 5067 lloruirri
1223 5008 1310 5066 nostri
1324 5006 1389 5066 lesu
1401 5007 1513 5064 Christi.
1530 5005 1588 5063 Soli
1602 5005 1659 5062 ileo
1671 5005 1767 5063 satra-

110 5099 140 5155 in
154 5099 203 5156 uia
219 5101 286 5159 Cala
304 5103 442 5172 abierunt,
457 5114 486 5162 et
498 5119 594 5162 errore
607 5105 716 5161 Balaam
738 5104 864 5163 mercede
877 5104 917 5162 ei·
969 5107 1022 5165 turi
1035 5114 1140 5172 nostro,
1156 5118 1205 5174 per
1218 5103 1310 5161 losum
1323 5100 1463 5159 Christum
1472 5100 1616 5156 bominum
1632 5106 1765 5168 nostrum,

111 5190 168 5248 lusi
180 5202 253 5263 suut,
264 5204 293 5252 et
302 5195 331 5252 iu
343 5196 559 5255 contradictione
567 5195 638 5255 Cure
653 5197 844 5270 pesleruot.IIi
854 5206 919 5255 sunt
969 5200 1056 5274 gloria
1073 5207 1101 5256 cl
1123 5196 1344 5270 magniliceotia,
1363 5193 1506 5268 imperium
1528 5199 1557 5250 el
1571 5201 1690 5265 potestas
1704 5201 1769 5266 aute

113 5286 145 5343 in
160 5287 249 5358 epulis
261 5290 320 5348 ruis
337 5291 468 5364 maculae,
479 5297 658 5350 corrrlvaotes
671 5293 733 5350 sine
746 5293 856 5358 timore.
870 5307 916 5350 sc·
931 5268 1053 5354 Domne
1066 5294 1206 5363 seculum,
1221 5303 1248 5352 et
1259 5305 1341 5362 nune,
1355 5300 1383 5350 et
1393 5292 1422 5348 iu
1435 5287 1527 5349 emolu
1540 5287 1639 5350 secula
1651 5288 1768 5347 saculo-

113 5379 251 5449 metipsos
265 5393 428 5453 mentes,
445 5387 532 5444 nubes
545 5387 605 5444 sine
618 5401 687 5458 aqua
701 5428 709 5456 ,
722 5400 810 5460 quea
829 5386 919 5444 nentis
969 5405 1041 5448 rrrru.
1055 5385 1154 5445 Amen.
1356 5375 1370 5386 ”
1399 5371 1410 5386 “’
1425 5377 1444 5388 ’”
1457 5376 1463 5386 ’
1659 5377 1663 5386 ’

112 5474 363 5556 commereatur,
388 5483 500 5544 arbores
523 5485 711 5557 autumnales,
727 5483 916 5549 iatroeraooac,

602 5618 731 5696 [Explicit
740 5615 863 5692 Epirtolu
874 5613 1010 5675 murder
1020 5612 1054 5672 Β.
1067 5611 1146 5670 lude
1155 5609 1277 5684 apostoli.

756 5855 1153 5898 a
