4017 6334
147 357 201 421 599
726 349 898 416 'canonis
917 355 1203 421 itabusttoittitt.
1546 379 1549 386 ’
1748 363 1800 426 980

148 475 261 531 Canem
275 471 368 545 primo
381 471 548 529 concordant
558 478 687 543 quatuor,
702 471 862 538 basenens,
877 470 948 526 linr-
962 480 986 539 Λ
999 473 1277 545 reniterendns.‘cnn
1294 473 1482 548 igitnraperto
1493 475 1681 548 codiee,rerbi
1696 481 1794 554 pratia,

147 583 209 637 cus,
223 567 327 637 Laesa,
342 565 473 624 loannes.
487 567 518 624 ln
538 565 660 624 secundo
679 576 754 635 tres,
782 566 945 637 Mattheus,
1002 566 1069 622 illud
1083 567 1140 624 sive
1156 567 1221 624 illud
1236 567 1384 641 capitulum
1400 569 1473 627 scire
1488 570 1621 643 voluteris,
1646 573 1724 642 cujrns
1746 573 1797 630 tla-

146 665 266 736 urnas,
282 665 383 723 Lucas.
398 664 428 721 ln
444 664 526 723 tertio
552 672 624 733 tres,
652 662 816 731 liattbaeus,
836 661 946 730 Lucas,
1001 659 1081 715 nonis
1094 660 1139 729 sit,
1156 655 1248 716 statim
1267 676 1302 716 cx
1318 661 1441 731 subiecto
1461 677 1575 719 nunrero
1594 662 1752 732 doceberis,
1772 673 1800 722 et

144 759 277 818 ioannes.
293 759 323 818 in
337 768 435 831 quarto
449 772 505 815 tres
518 803 527 828 ‚
541 757 701 825 Mattheus,
724 746 851 823 blancus,¹
865 757 948 814 loan-
1000 767 1146 810 recurrens
1159 752 1192 808 ad
1210 753 1356 824 principia,
1374 755 1400 808 in
1415 753 1514 825 quibus
1529 754 1670 810 Canonnnt
1687 764 1729 812 cst
1742 754 1798 812 dis-

146 869 205 911 nes,
219 852 251 910 la
266 853 363 926 quinto
374 844 439 919 duo,
454 851 608 917 liattbaus.
623 852 722 908 Lucas.
739 852 768 908 ln
781 861 859 908 serto
874 851 945 918 duo,
1004 847 1086 902 tincta
1100 845 1254 918 congeries
1270 847 1422 919 eodemque
1442 847 1533 903 statim
1547 847 1658 904 Conone
1671 863 1703 904 ex
1719 849 1799 905 titulo

145 947 303 1017 delibans,
319 946 476 1005 barenste
490 943 948 1019 septimadas,diattbseualoan-
1001 940 1099 996 inentis
1124 941 1249 1008 inuento,
1279 939 1354 996 illurn
1381 954 1462 1012 prtem
1486 939 1629 1012 qttaerebas
1653 955 1796 996 numerum

145 1057 206 1100 nes.
223 1042 254 1098 ln
267 1040 573 1110 reinvadendum,
596 1041 712 1098 liareus.
736 1040 766 1095 in
784 1054 857 1096 nono
872 1038 945 1102 diro,
998 1033 1121 1105 ejusdem
1137 1033 1397 1106 Euangeiistse,nui
1422 1042 1450 1090 et
1472 1035 1531 1106 ipse
1554 1050 1589 1091 er
1620 1035 1799 1107 inscriptione

143 1136 244 1204 Lucas,
255 1135 387 1193 loannes.
408 1133 437 1190 ln
452 1133 561 1192 dceinro
576 1143 589 1172 ⁸
606 1133 716 1205 propria
738 1131 945 1204 unnsquisque,
999 1128 1134 1198 signator,
1149 1127 1293 1184 invenies:
1310 1137 1391 1199 atque
1410 1143 1425 1184 e
1449 1126 1539 1185 ticino
1561 1137 1725 1185 caeterorum
1745 1137 1799 1184 tra·

143 1246 204 1303 qua
220 1245 277 1287 non
291 1230 428 1287 habentur
441 1229 468 1287 in
482 1229 553 1297 aliia,
571 1228 728 1286 ediderunt.
744 1228 864 1299 Singulis
880 1242 945 1283 aero
1000 1222 1112 1279 mitibus
1126 1221 1272 1293 inspectis,
1288 1237 1357 1294 piros
1373 1237 1503 1278 numeros
1517 1237 1533 1278 e
1545 1222 1655 1294 regione
1666 1221 1797 1288 babeant,

144 1321 314 1394 Evangelio,
326 1323 361 1378 ab
373 1337 430 1378 uno
444 1322 578 1392 incipiens
598 1336 683 1394 usqtte
706 1321 740 1377 ad
759 1319 842 1376 duem
859 1319 945 1376 libro·
998 1315 1157 1372 anitotabis.
1174 1315 1208 1370 Et
1219 1331 1279 1371 cuni
1292 1314 1399 1384 scieris,
1409 1329 1536 1371 recurres
1549 1315 1583 1372 ad
1595 1315 1732 1372 uolumina
1743 1315 1800 1371 sin·

142 1430 215 1484 rum,
231 1414 327 1485 dispar
347 1428 480 1470 numerus
499 1413 631 1471 increscit
643 1412 699 1487 [tt.
723 1411 878 1485 accresciti.
894 1411 945 1468 lile
997 1409 1138 1483 gulosum,
1153 1416 1181 1464 et
1195 1406 1255 1464 sine
1270 1422 1344 1464 rnora
1358 1409 1476 1478 repertis
1492 1409 1633 1477 numeris,
1653 1422 1722 1480 quos
1733 1417 1797 1464 onte

140 1507 220 1580 nigro
233 1507 328 1564 colore
344 1508 530 1579 praescriptus,
541 1506 633 1563 subse
646 1506 731 1565 babet
744 1506 826 1562 alium
842 1520 877 1560 er
894 1504 944 1559 mi·
997 1501 1196 1576 superaveras)
1212 1503 1337 1574 reperies
1351 1501 1406 1576 [At.
1421 1501 1556 1575 reperias]
1571 1511 1599 1558 et
1613 1503 1683 1571 inea,
1699 1501 1725 1558 in
1738 1503 1799 1574 qui·

139 1602 187 1659 uio
201 1600 376 1659 numeruml
399 1600 583 1671 discolorem,
608 1601 654 1671 nui
676 1600 710 1656 ad
733 1599 830 1656 decent
855 1613 943 1669 usqne
995 1597 1046 1654 bus
1060 1595 1101 1654 uel
1115 1595 1221 1664 eadem,
1240 1595 1385 1652 salvicina
1406 1593 1537 1650 dixerunt
1558 1606 1581 1649 ι.
1606 1593 1692 1666 Opto,
1716 1604 1745 1650 ut
1765 1595 1792 1650 in

138 1696 307 1770 procedens,
323 1697 425 1753 indicat
437 1696 515 1767 prior
525 1693 703 1764 numeros‚in
714 1709 769 1764 prro
781 1693 817 1749 sit
829 1692 942 1750 Canens
995 1691 1105 1750 cbristo
1116 1690 1219 1758 ualens,
1229 1699 1257 1745 et
1271 1689 1324 1744 mei
1339 1687 1513 1756 memineris,
1534 1687 1606 1759 Papa
1620 1687 1788 1748 beatissime.

174 1865 188 1894 ¹
208 1855 248 1913 ita
271 1870 369 1913 omncs
386 1870 453 1911 mss.
480 1853 610 1910 codices:
630 1852 696 1910 editi
716 1860 807 1908 autent
832 1851 937 1924 legunt,
952 1855 977 1917 B
990 1857 1045 1905 tum
1067 1849 1100 1904 ab
1126 1849 1167 1904 tir
1189 1849 1217 1903 in
1237 1847 1367 1902 notamine
1390 1846 1469 1902 semel
1493 1847 1594 1902 dietam
1616 1855 1654 1902 eat
1674 1849 1795 1917 rescindit,

139 1929 251 2001 proprio
264 1928 359 1999 quinne
371 1943 439 1999 patr,
455 1932 509 1983 etc.
526 1925 617 1982 Maur.
991 1921 1059 1976 alter·
1073 1920 1179 1975 attenua
1194 1935 1285 1974 eorsum
1298 1919 1372 1974 toties
1388 1935 1440 1974 utro
1454 1927 1533 1988 utque
1550 1919 1643 1975 eedem
1662 1929 1738 1974 senate
1754 1922 1796 1976 lo·

173 1999 188 2039 ⁶
204 2000 257 2056 Pro
271 2000 396 2056 colorum
409 1998 578 2062 diversitate,
592 1995 764 2053 commodior
778 1994 836 2051 risa
851 2004 895 2051 est
911 1993 937 2050 in
990 2003 1117 2062 puniatur,
1130 1993 1228 2063 quoties
1240 1990 1403 2062 praetulerint
1415 1992 1442 2044 in
1454 2005 1619 2045 »numerarunt
1630 1993 1796 2048 annotatione

138 2071 210 2142 ipsis
225 2071 375 2128 numericis
387 2071 461 2126 notis
475 2070 621 2125 diversitas
636 2086 643 2124 :
660 2079 691 2124 ut
703 2083 774 2139 qrros
792 2081 891 2137 nempe
905 2081 939 2122 en
990 2064 1155 2119 distantiam.
1178 2061 1211 2117 Ει
1221 2061 1271 2116 itoc
1284 2061 1311 2116 in
1325 2062 1439 2117 omninno
1458 2077 1549 2116 nocent
1569 2077 1696 2116 cononunr
1710 2061 1794 2116 coilo-

138 2143 226 2200 minio
247 2144 458 2214 proscripserat
479 2140 510 2198 S.
526 2140 620 2211 Pater,
643 2157 694 2195 nos
718 2139 882 2203 Saraeems,
910 2147 940 2194 ut
991 2137 1061 2192 tione
1074 2135 1230 2191 terrebitur.
1251 2132 1791 2206 cnternnrindeeinnqnoninnproprin

134 2227 236 2282 vocat,
251 2215 346 2280 notis,
368 2225 396 2271 et
409 2229 478 2286 quos
492 2227 525 2270 er
537 2213 616 2284 nigro
627 2253 637 2283 ,
650 2211 782 2268 Romanis
796 2209 940 2267 eriribere-
989 2208 1153 2281 rirrpnIorann
1169 2209 1349 2261 tuntnnnnode
1364 2205 1538 2270 continentur,
1560 2221 1613 2259 non
1629 2215 1710 2278 potest
1728 2221 1791 2260 con-

136 2302 212 2343 ttttts.
990 2287 1032 2334 tro
1041 2278 1069 2333 id
1079 2279 1237 2352 cornpurott'o
1248 2293 1302 2332 ease
1316 2276 1385 2348 quod
1397 2276 1483 2330 solunt
1496 2285 1545 2331 eati
1557 2274 1627 2344 Opto
1635 2287 1662 2330 ιιι
1674 2277 1701 2330 ιιι
1712 2272 1789 2332 Gittt'-

173 2369 186 2399 ε
208 2357 280 2414 bnte
294 2357 374 2414 istam
388 2356 525 2428 epicteto,
537 2371 586 2412 seu
596 2354 767 2426 prelationis
786 2354 940 2408 ennetnsio-
989 2359 1031 2408 ato
1044 2351 1140 2416 eniens,
1158 2361 1181 2404 ct
1195 2348 1245 2403 snei
1258 2348 1415 2410 intentionis.
1434 2345 1510 2418 Papo
1524 2347 1681 2405 lentissime.

123 2445 199 2488 ,nem
222 2445 255 2485 ae
276 2429 490 2495 mlutationem,
513 2430 630 2500 legimus
647 2429 673 2482 in
692 2428 777 2484 editis
800 2437 883 2496 atque
911 2425 938 2481 in
1026 2420 1165 2492 irrtegrum
1182 2419 1337 2490 hujusmodi
1357 2417 1569 2475 additamentum
1594 2421 1711 2474 retinent
1726 2433 1793 2477 tuss.

134 2502 243 2573 aliquot
272 2515 339 2556 nass.
363 2502 440 2557 libris
464 2516 524 2572 quae
549 2499 771 2566 subsequuntur:
797 2495 940 2552 Sciendum
990 2495 1186 2558 codicesduo,
1205 2504 1320 2562 quorum
1334 2507 1405 2544 unius
1417 2499 1508 2548 exstat
1522 2495 1547 2548 in
1564 2489 1728 2547 intonasterio
1743 2507 1793 2548 ne-

134 2576 217 2630 ctiorn
231 2589 264 2628 ne
277 2576 334 2644 quir
348 2575 470 2645 ipnnram
487 2588 519 2627 ea
530 2571 703 2626 sinriiitadine
718 2584 886 2625 nunreroram
898 2584 941 2622 er·
990 2575 1049 2623 stro
1064 2568 1093 2622 S.
1107 2565 1245 2635 Atrdreee,
1266 2565 1335 2620 alter
1356 2563 1384 2619 in
1406 2564 1571 2620 strenasterio
1587 2561 1640 2618 PP.
1656 2562 1795 2620 cartusia-

135 2661 182 2701 τοι
205 2644 338 2712 inuoluat,
364 2644 434 2717 qaod
457 2642 539 2699 aiendi
559 2645 587 2697 in
607 2643 786 2698 subnotatione
805 2641 940 2694 Cononem
991 2655 1089 2694 riorurn
1103 2652 1181 2693 secus¹
1195 2635 1375 2691 Arenionent.
1391 2635 1487 2690 Pinrcs
1501 2645 1592 2692 antem
1604 2636 1795 2706 aliiuntiqnis·

135 2717 331 2784 distinctorum
346 2716 373 2772 in
386 2713 493 2771 dornone
505 2715 617 2787 pnolibet
629 2724 679 2770 tres
689 2711 873 2783 Eannpelirtna
888 2709 938 2780 bia,
990 2711 1064 2776 simi.
1083 2717 1145 2781 puta
1161 2707 1318 2772 Vaticanus,
1341 2705 1633 2777 San-Gernrnncnses,
1655 2723 1738 2763 ununt
1764 2709 1794 2766 S.

134 2790 176 2844 sel
189 2799 239 2857 ter,
252 2788 292 2844 uel
305 2797 407 2857 mater,
424 2796 469 2842 eut
492 2787 570 2842 etiarn
583 2787 694 2859 amplius
718 2784 836 2840 mordens
851 2798 941 2838 niente·
991 2781 1131 2839 Guilleinri
1154 2779 1182 2835 in
1204 2782 1336 2845 deserto,
1357 2779 1536 2835 Grassenscnt
1562 2793 1685 2834 nnosrrunt
1701 2818 1710 2844 ,
1725 2791 1792 2848 οιο.,

134 2878 196 2914 ram
221 2876 268 2932 per
292 2859 409 2914 ordirrem
430 2857 567 2914 hebenini
589 2867 763 2918 nnrrototum.
785 2863 809 2911 et
831 2862 941 2926 quartus
992 2852 1175 2910 niltilbabent
1197 2863 1299 2924 praeter
1319 2865 1352 2906 ea
1387 2865 1427 2904 uu
1443 2851 1586 2906 edidimus.
1612 2849 1793 2907 Additamen-

135 2931 304 2998 econtrario‚
325 2931 500 3003 discrepantes
512 2949 523 2998 ‚·
537 2931 607 2998 qued
622 2930 650 2984 id
670 2938 721 2985 tres
740 2927 781 2983 itti
800 2928 828 2981 in
841 2943 870 2980 ee
883 2924 940 2980 loco
991 2933 1048 2982 tnnt
1065 2926 1200 2996 igiturest
1215 2922 1341 2994 epistolar
1362 2866 1582 2994 fliernnnynnanne
1599 2931 1742 2977 consutum
1758 2923 1793 2978 ab

133 3005 217 3058 remei
229 3002 486 3072 dnerrnaqnnrnn
498 3003 571 3057 toties
586 3003 614 3055 in
626 3016 734 3074 corpere
747 2997 887 3054 aoiunrinia
898 2999 940 3052 sai
991 2997 1083 3068 aliquo
1108 2996 1244 3063 scriptore
1274 2995 1438 3050 recentiore.
1469 2993 1546 3062 Quod
1573 2993 1795 3050 manifestissime

134 3083 218 3148 ponet
232 3117 240 3141 ,
255 3074 355 3146 quoties
378 3074 472 3130 dnerri
494 3074 596 3128 nanneni
615 3073 643 3128 in
664 3075 721 3146 ejus
734 3071 840 3128 Conone
861 3071 941 3140 positi
991 3067 1095 3125 irrdteat
1108 3071 1194 3124 cortex
1207 3081 1258 3122 rns.
1271 3063 1537 3121 San-Gerrnanensis
1553 3076 1656 3132 noster,
1675 3079 1748 3119 ιιιιιιι.
1762 3063 1790 3131 6,

136 3158 200 3202 sunt
216 3155 307 3202 contra
331 3146 516 3212 praedictorum
537 3160 704 3199 numerarunt
724 3143 890 3198 carminantur
903 3142 940 3195 ai·
992 3141 1038 3196 ubi
1064 3155 1126 3209 pars
1150 3136 1243 3194 istbaee
1258 3134 1381 3192 addititia
1398 3137 1545 3206 separatim
1561 3137 1649 3208 posita
1661 3146 1701 3192 est
1715 3137 1794 3207 qnasi

136 3218 312 3272 militudinet.
329 3216 396 3272 item
408 3219 432 3271 ιι
446 3218 474 3270 in
490 3232 541 3272 atrro
553 3214 666 3285 quelibet
679 3232 785 3282 surrent,
804 3223 849 3267 ont
862 3213 941 3266 etium
992 3211 1134 3284 praedatio,
1157 3223 1206 3266 sert
1225 3207 1411 3285 Arpnmentunt
1434 3208 1594 3264 distinctum
1618 3223 1633 3264 a
1651 3210 1794 3278 superiore

134 3291 251 3345 duorum
264 3289 334 3344 idem
346 3290 374 3344 in
388 3287 494 3344 Caesone
507 3304 630 3343 nnnoerus
645 3287 694 3352 bis,
710 3297 759 3354 ter,
774 3296 876 3355 qnater,
893 3295 939 3338 aut
953 3259 977 3324 C
992 3283 1108 3352 epistola
1124 3282 1157 3338 ad
1171 3281 1318 3337 Darttasurn
1332 3297 1339 3334 ι
1355 3285 1383 3334 et
1402 3280 1429 3335 in
1446 3281 1498 3334 linc
1513 3297 1566 3336 nun
1586 3281 1668 3336 babet
1681 3279 1795 3334 coriciu-

135 3380 166 3417 ιο
180 3361 298 3434 amplias
308 3361 456 3428 reperiatur
470 3362 497 3415 in
511 3359 602 3414 ordine
615 3359 769 3422 collocatur,
783 3368 808 3412 et
820 3357 939 3426 dispares
991 3356 1109 3422 sionem,
1120 3369 1167 3410 sen
1180 3353 1380 3416 salutationem,
1390 3348 1459 3419 Opto
1471 3352 1543 3417 utin,
1553 3363 1620 3418 ete,
1632 3352 1678 3406 scd
1696 3353 1793 3407 imme-

134 3435 305 3488 inaeninntnr
320 3435 349 3487 in
364 3433 463 3487 coeteris
475 3449 484 3487 .·
495 3430 602 3486 dolium
617 3447 669 3485 non
680 3432 739 3499 erit,
753 3429 817 3502 pain
830 3429 857 3482 in
869 3429 939 3499 qnod
993 3427 1065 3482 diate
1080 3435 1142 3496 post
1157 3426 1207 3480 ista
1220 3465 1227 3488 ,
1247 3422 1317 3496 puori
1330 3423 1416 3478 solnm
1430 3433 1487 3492 est,
1505 3423 1657 3496 subjungit,
1670 3435 1792 3478 nteurcrr

134 3504 222 3572 illins,
238 3502 380 3560 iliornnrue
398 3503 512 3559 Cenoma
529 3518 652 3558 numerus
670 3500 726 3574 iia,
742 3509 831 3572 tnqnc
844 3499 941 3572 repeti·
994 3511 1189 3555 nnsousururt.
1202 3495 1291 3552 dinar.

1703 3639 1789 3665 *ἡ

461 3765 697 3860 busonis
734 3738 1159 3858 cnsnnreusrs·
1197 3765 1478 3854 suessona

313 3930 370 4005 tlt
412 3927 836 4016 SUBSEQUENTES
873 3922 1119 3998 cannitiis
1159 3921 1621 4000 EVANGELIORUM.

837 4076 1104 4091 m

283 4183 455 4243 titistdtitlts
472 4181 647 4242 cattPtdtio
666 4182 796 4240 insitu
1105 4189 1243 4238 minutor
1258 4186 1407 4240 mantano
1418 4189 1558 4240 manure
1569 4189 1689 4240 tamon

391 4299 421 4355 [tt
438 4299 554 4356 [lumino
566 4297 701 4356 Salutem.
1266 4307 1303 4355 'ib
1316 4305 1400 4376 Κυριῷ
1416 4299 1527 4377 χαίρειν.

177 4437 345 4496 Ammonius
359 4435 374 4477 l
390 4436 499 4509 puidam
514 4433 731 4506 Alexandrinus,
745 4449 843 4508 magno
856 4435 947 4495 studio
1034 4441 1175 4516 'appiane
1188 4442 1233 4514 μιν
1248 4439 1261 4498 i
1274 4439 1458 4520 ’nisiandpsdn
1473 4442 1577 4512 nelias,
1590 4444 1626 4507 ὡς
1638 4444 1716 4512 strip,
1730 4441 1799 4517 pele-

179 4589 193 4616 ·
207 4575 434 4648 Quandoquidem
445 4573 576 4644 Curiones,
588 4591 652 4647 qnos
663 4573 792 4631 Eusebiae
803 4577 944 4648 ordinauit,
960 4592 1025 4676 ¹)e.
1041 4578 1069 4644 d,
1081 4577 1245 4648 descriptam
1262 4579 1306 4632 bie
1324 4578 1486 4635 exhibemus
1508 4596 1515 4632 s
1536 4579 1643 4635 tametsi
1666 4580 1737 4649 estod
1754 4579 1801 4637 ilia

141 4653 212 4707 sicin
223 4652 252 4704 in
263 4645 505 4714 Grucodnbentnm
518 4663 550 4703 se
566 4655 683 4703 testatur
697 4649 866 4720 expressisse
884 4647 947 4703 lile·
999 4650 1047 4704 tin.
1061 4665 1100 4716 ιι,
1111 4665 1136 4705 e.
1151 4649 1178 4718 5,
1195 4648 1343 4718 existimat,
1358 4649 1481 4706 Latinium
1493 4665 1552 4706 eant
1562 4650 1719 4720 llicronpnri
1737 4666 1800 4708 ner-

140 4735 290 4795 ronynrua‚
306 4734 418 4790 soaeqrre
434 4722 496 4776 troni
512 4719 678 4775 Testamenti
701 4720 820 4776 versioni
839 4719 947 4787 praemi-
998 4721 1103 4776 sionem
1123 4734 1201 4790 csse,
1219 4729 1347 4792 putemus
1368 4723 1478 4794 qrridern
1499 4720 1750 4790 nennsinttttnun,
1772 4731 1800 4778 at

142 4796 218 4851 sisse
231 4809 240 4848 :
253 4805 337 4863 atque
350 4791 402 4862 ipsi
420 4791 530 4862 paridem
544 4789 671 4846 Garrones
683 4790 711 4845 in
727 4791 949 4862 illei-onymiania
999 4807 1050 4863 pro
1061 4801 1137 4847 certo
1152 4807 1277 4848 asserere
1287 4807 1341 4849 non
1352 4792 1511 4850 audeamus.

143 4864 328 4928 editionibus,
343 4871 424 4934 atqtne
437 4861 495 4932 ipsa
511 4877 592 4933 qrrarn
606 4861 779 4918 Martianuus
793 4862 947 4931 adornavit,
1035 4861 1049 4902 ¹³
1063 4863 1132 4920 Sient
1144 4879 1178 4919 ex
1190 4863 1316 4934 Antiquis
1329 4865 1373 4936 qui
1389 4863 1470 4935 listins
1482 4863 1637 4920 llarntnnise
1649 4877 1717 4934 opus
1732 4878 1800 4920 ano-

143 4953 198 4994 suo
210 4935 319 5005 proprie
329 4935 391 4989 inco
406 4933 588 4990 exhibentur:
605 4947 696 5004 operte
708 4948 817 5005 quoque
832 4935 947 5004 pretium
999 4951 1109 5008 nymunt
1127 4934 1250 4990 tribuunt
1264 4937 1379 4991 Tritiano
1395 4935 1534 4992 buretieo.
1547 4934 1599 4990 dlii
1618 4943 1713 5004 putant
1727 4935 1798 4992 Har·

144 5021 209 5065 erat
223 5009 309 5078 ipsam
324 5004 434 5063 Eusebii
450 5006 673 5076 epistolamque
693 5006 825 5061 rationem
839 5019 950 5060 eorum·
999 5009 1132 5072 rnoniam,
1143 5023 1204 5076 norm
1219 5005 1327 5063 Tatiani
1341 5015 1401 5063 crat
1420 5008 1462 5064 uel
1482 5007 1588 5063 eredita
1604 5015 1657 5068 cst.
1675 5017 1798 5077 postmu-

145 5081 211 5138 denr
227 5080 380 5143 (ὶιοοιιοιιι,
399 5090 511 5148 auoque
525 5075 667 5133 industriae
681 5077 799 5146 explieat
812 5074 949 5146 carpiano
999 5079 1065 5134 dum
1076 5079 1204 5134 tributam
1216 5079 1361 5135 Ammonio
1374 5077 1569 5144 alexandrino,
1579 5082 1607 5132 ct
1616 5089 1726 5134 ecorttra
1737 5095 1800 5150 qnae

146 5152 240 5217 tratri,
253 5151 303 5222 ipsi
317 5164 480 5222 preponere
493 5150 519 5204 in
532 5149 647 5205 studiosi
660 5148 770 5203 lectoris
782 5148 908 5218 gratiam,
920 5159 950 5204 ut
1000 5150 1139 5206 Amrrronii
1160 5166 1224 5206 rere
1243 5162 1379 5216 censetur,
1400 5149 1515 5205 ’datiano
1535 5147 1681 5217 ascriptam
1701 5149 1796 5208 luisse.

145 5237 214 5296 qnae
226 5225 292 5277 rotis
305 5223 343 5277 ibi
359 5219 546 5276 numeralibus
562 5221 633 5275 inertis
647 5220 812 5287 indicantur,
828 5234 951 5276 consumo·
1000 5221 1077 5278 lianc
1093 5223 1167 5278 litent
1184 5222 1313 5293 singulari
1328 5222 1442 5291 oriudum
1463 5219 1654 5276 dissertatione
1673 5219 1703 5276 P.
1724 5219 1800 5278 Non·
1841 5231 1847 5238 ·

146 5296 213 5352 dius
226 5309 260 5350 ex
272 5294 322 5348 icta
334 5293 498 5362 perciperet.
514 5291 580 5347 Nam
596 5301 623 5346 et
637 5306 669 5347 re
683 5293 739 5362 ipsa
754 5305 806 5348 non
822 5291 910 5346 solum
923 5293 950 5348 in
1001 5294 1083 5350 risiue
1100 5293 1230 5349 dirimere
1244 5300 1370 5360 conatus,
1391 5290 1470 5347 trusit
1484 5305 1584 5360 attceps
1604 5290 1676 5348 inter
1690 5302 1797 5350 ntrum-

145 5366 255 5424 Graecia
270 5365 332 5419 noni
350 5363 517 5419 Testamenti
532 5363 709 5430 editionibus,
727 5369 789 5432 post
802 5363 951 5419 Erasmiac
1002 5379 1067 5435 que,
1094 5379 1125 5419 ae
1150 5379 1245 5435 parum
1270 5364 1366 5428 abluit,
1390 5364 1454 5431 quin
1478 5370 1563 5417 toturn
1587 5375 1657 5433 opus
1677 5365 1799 5436 spurium

149 5437 266 5494 lioberti
279 5434 410 5507 Stephani
424 5437 599 5506 exemplum,
615 5434 716 5504 passim
739 5433 886 5503 invenitur,
901 5435 951 5491 sed
1002 5445 1085 5506 atque
1105 5434 1289 5492 adulterinum
1311 5436 1426 5491 diceret.
1443 5429 1537 5502 Quoad
1557 5431 1729 5509 Eneapelieor
1747 5435 1801 5492 Gn-

147 5508 290 5566 ctbatioe
306 5507 333 5563 in
353 5504 627 5576 Ortbodonograpbis
646 5505 901 5576 otimvnlgntacsa
919 5522 951 5562 ae
1001 5521 1082 5562 aenea
1111 5505 1201 5561 eidern
1235 5506 1391 5563 idarmonise
1420 5505 1586 5577 oppositas,
1618 5507 1801 5580 Hieronymus
1845 5534 1848 5543 ·

147 5581 268 5652 scepeia
291 5578 442 5634 Bibliorum
463 5578 606 5634 codicibus
624 5576 755 5647 antiquis,
776 5593 845 5646 qttos
860 5577 953 5632 laudat
1002 5584 1097 5633 noster
1119 5577 1218 5647 aliique
1241 5578 1275 5633 ab
1296 5577 1443 5634 Anrrnnnnio
1465 5575 1634 5647 excogitatos
1657 5589 1799 5646 asserunt,

148 5653 255 5709 l'ener.
275 5649 429 5706 Cardinalia
441 5647 614 5718 Tisamenus,
635 5649 682 5720 qtri
702 5663 763 5704 earn
782 5649 897 5713 recudit,
917 5665 951 5705 ex
1002 5661 1165 5719 qtsnmqoann
1192 5647 1287 5704 istbaec
1312 5647 1422 5704 Eusebii
1443 5647 1477 5704 ad
1497 5647 1662 5720 Carpianum
1686 5650 1799 5722 epistola

145 5721 242 5780 reteri
256 5722 351 5777 batim
370 5721 498 5778 versione
510 5721 641 5777 occurrit.
657 5717 846 5776 Pretermissa
860 5730 951 5776 aretem
1002 5728 1097 5776 contra
1112 5727 1194 5789 atque
1209 5720 1310 5777 sentiat
1324 5738 1330 5776 ι
1343 5721 1371 5776 in
1386 5734 1483 5791 quase
1503 5720 1543 5776 att
1563 5719 1698 5778 Eusebius
1721 5735 1800 5777 ocea-

147 5793 408 5854 estallartianao:
440 5791 492 5849 uod
506 5793 650 5859 mirantur,
668 5800 751 5861 atque
770 5805 844 5863 agre
861 5790 953 5848 ierunt
1002 5789 1081 5847 aione
1097 5791 1286 5850 Ammonianee
1301 5791 1456 5848 Harmoniae
1476 5793 1635 5864 resupinans
1648 5789 1799 5848 sensadon-

148 5869 282 5923 irornrnes
292 5863 404 5946 eruditi.
418 5807 475 5920 §aa
491 5864 565 5919 illam
577 5863 672 5921 Graece
690 5861 793 5933 pariter
808 5877 842 5919 ac
855 5861 953 5918 Latine
1001 5861 1063 5918 cilio
1072 5859 1197 5920 Canones
1210 5864 1288 5921 latos.
1640 5869 1644 5878 '

149 5954 188 5995 er
201 5950 307 6008 nupera
316 5934 435 6007 Fabricii
448 5934 568 5996 editione
581 5932 743 5994 Bibliotbes.
758 5932 847 5991 Grac.
861 5933 909 5992 lib.
921 5949 951 6000 n,
