4017 6334
99 329 148 386 l'l'l
246 327 251 332 ’
527 329 700 392 esistunt
717 329 749 390 B.
769 328 875 392 Pauli
893 328 1063 390 trussell
1082 330 1129 390 att
1148 330 1324 392 uultustus.
1698 334 1752 392 778

100 443 252 500 lihematem
268 443 297 502 in
310 444 485 502 occasionem
503 443 575 504 detis
585 447 695 517 carnis,
709 447 759 506 sed
773 462 822 520 per
834 448 900 503 cha·
911 451 937 512 Α
950 445 1055 519 aliquid
1069 461 1152 519 esse,
1168 463 1232 506 cnm
1246 447 1315 506 nihil
1333 449 1370 506 sit
1383 489 1391 516 ,
1404 447 1463 519 ipse
1488 461 1520 506 se
1540 448 1655 508 seducit.
1675 450 1751 522 Opus

101 537 206 595 ritatem
224 547 240 578 ⁸
250 539 371 611 spiritus
387 538 489 598 servits
509 541 636 598 invicem.
650 543 747 601 Omnia
766 544 839 599 enim
856 543 899 600 lex
950 546 1043 596 nutem
1054 553 1133 596 suum
1146 539 1455 612 probatonusqulsque,
1471 549 1498 597 οι
1512 541 1551 596 sio
1561 541 1588 596 in
1601 543 1750 612 semetipso

101 631 126 688 iu
143 647 199 688 uno
216 645 348 690 sermone
361 631 510 704 impleturi
526 633 628 706 Diliges
646 637 800 706 proximum
823 647 899 694 tuum
951 641 1054 690 tantuna
1066 633 1181 704 gloriam
1196 633 1307 692 habehit
1318 676 1326 701 ,
1338 642 1365 690 et
1379 649 1434 716 non
1446 634 1473 692 in
1490 634 1587 692 altero.
1599 634 1751 708 Unusquis-

101 723 210 783 sicutte
223 724 327 796 ipsum.
340 723 452 794 Quodsi
466 727 583 786 laricem
599 727 750 795 mordetis,
768 738 797 785 et
808 744 901 786 comc-
949 741 1003 798 quc
1015 727 1087 782 enim
1103 740 1173 784 onus
1196 741 1275 784 soum
1290 727 1420 799 portabit.
1436 729 1625 786 Communicet
1638 737 1749 796 autem,

101 815 161 873 ditis
177 833 184 870 :
199 815 312 884 ridete,
325 831 361 874 uo
373 817 539 876 abinvicem
551 820 761 876 consumamini.
773 820 840 876 iiico
852 835 900 878 au·
950 818 974 874 is
986 821 1032 890 qui
1043 818 1227 878 catechizatur
1241 821 1335 890 uerbo,
1349 821 1432 895 siqui
1446 837 1478 880 se
1491 823 1645 882 catechizat
1657 825 1683 880 ia
1693 839 1751 881 om-

102 921 152 970 tom
165 928 174 968 s
188 911 295 985 Spiritu
306 913 456 980 arnhulatc,
472 923 501 970 et
510 912 648 972 desideria
660 914 754 972 carnis
768 931 821 971 non
839 931 900 986 per·
950 914 1030 972 nihns
1051 915 1140 972 honis.
1164 915 1253 974 llolite
1279 931 1371 974 errare
1399 934 1407 977 a
1428 917 1500 976 [leus
1522 933 1577 975 non
1609 918 1749 976 irridetur.

101 1005 303 1064 trictionem
320 1007 395 1064 enim
409 1007 583 1078 concupiscit
602 1008 734 1066 adsersus
749 1010 874 1079 spiritum
891 1027 899 1066 a
950 1006 1018 1076 Qun
1031 1009 1105 1066 enim
1119 1009 1296 1068 seminaverit
1311 1012 1415 1078 honio,
1433 1013 1493 1068 haec
1513 1019 1541 1068 et
1562 1020 1657 1068 metet.
1678 1012 1752 1081 Quo·

102 1097 316 1170 spiritnssutem
329 1099 464 1158 aduersus
476 1115 588 1158 carnem
603 1117 612 1156 a
627 1100 687 1158 haec
700 1102 774 1158 enirn
788 1101 842 1160 sihi
859 1103 901 1158 in·
950 1108 1023 1164 niam
1038 1107 1086 1180 qui
1098 1108 1216 1167 sentinat
1231 1111 1257 1166 in
1274 1124 1357 1168 carno
1374 1123 1422 1166 sua
1436 1107 1497 1182 „de
1516 1123 1598 1166 carno
1619 1117 1648 1166 et
1669 1117 1754 1166 metet

99 1196 186 1252 ricem
198 1195 382 1254 catenantur
397 1214 404 1251 :
417 1205 448 1252 ut
465 1211 519 1252 non
533 1210 713 1269 quacumque
722 1197 829 1264 uultis,
855 1197 900 1252 illa
951 1201 1155 1272 corruptionem
1165 1205 1176 1256 ἐ
1188 1203 1234 1274 ani
1252 1213 1342 1259 autem
1356 1204 1473 1260 seminat
1488 1204 1515 1259 in
1529 1201 1638 1275 spiritu,
1650 1201 1684 1258 du
1698 1203 1755 1272 spi·

100 1289 216 1346 lecistis.
228 1288 308 1360 Quod
324 1288 456 1362 sisplritu
468 1288 612 1361 ducimini,
622 1306 677 1348 non
690 1291 755 1348 estis
765 1291 817 1348 suh
828 1291 899 1363 tego.
951 1293 1005 1352 ritu
1020 1303 1104 1352 metet
1118 1296 1201 1352 uitam
1213 1306 1355 1354 aeternam.
1377 1297 1482 1354 Bonum
1498 1304 1592 1354 autem
1608 1297 1752 1364 iacientes,

101 1380 244 1440 tonitura
254 1391 421 1440 suntautcm
433 1397 517 1456 opera
532 1385 644 1440 carnis:
661 1400 723 1456 quc
737 1395 802 1440 sunt
816 1385 902 1441 lurni·
951 1387 1180 1450 nondehciatuus
1204 1409 1211 1448 ε
1236 1400 1359 1462 tempore
1374 1392 1447 1448 enim
1468 1407 1519 1449 suu
1541 1401 1677 1450 metotnns
1700 1409 1754 1448 non

101 1477 169 1532 catio
182 1517 192 1542 ,
205 1475 404 1546 immunditia,
420 1477 606 1550 impudicitia,
619 1476 741 1546 luxuria,
763 1477 900 1534 idolomm
951 1480 1120 1541 deficientes.
1136 1484 1208 1555 lingo
1227 1484 1292 1542 dum
1314 1493 1421 1557 tempus
1439 1485 1591 1556 hahemus,
1609 1501 1755 1557 operemur

100 1569 231 1641 territes,
245 1569 392 1635 senellcis,
406 1569 556 1628 inimicitie
566 1609 576 1637 ,
586 1570 796 1640 contentiones,
813 1586 902 1628 remu·
951 1575 1054 1634 hotrum
1071 1574 1232 1658 adomnos,
1247 1578 1367 1636 maxime
1382 1589 1473 1636 autem
1494 1579 1528 1635 ad
1542 1579 1708 1636 domesticos
1724 1579 1755 1640 ss·

102 1661 228 1730 tationes,
243 1664 305 1732 irc,
320 1665 398 1733 rixae,
414 1665 611 1732 dissensiones,
626 1675 711 1724 secte
725 1663 760 1733 b,
776 1665 902 1737 irrvtdiae,
952 1669 1007 1727 dei.
1021 1669 1118 1728 Videte
1129 1670 1254 1741 qualibus
1270 1670 1369 1729 litteris
1383 1670 1481 1745 scripsi
1494 1672 1570 1730 uoltis
1584 1688 1645 1730 mea
1661 1689 1754 1728 martur.

103 1754 262 1825 homicidio,
278 1757 437 1826 christatos,
451 1759 678 1826 omnessationcs,
689 1769 717 1816 et
728 1758 771 1816 iris
783 1760 901 1816 similia:
952 1762 1121 1836 Quicumque
1134 1767 1208 1822 enim
1222 1766 1318 1822 volunt
1335 1766 1445 1836 placere
1469 1767 1495 1822 in
1516 1781 1618 1844 carno,
1641 1767 1667 1822 hi
1689 1765 1753 1840 [lla.

106 1863 165 1921 cue
178 1848 301 1921 praedico
314 1849 402 1919 vohis,
416 1850 488 1908 sicut
501 1851 628 1924 predixi,
641 1853 770 1925 qnoniam
784 1854 830 1924 qui
841 1854 904 1910 talia
920 1840 943 1903 Β
957 1865 1010 1912 toc.
1032 1853 1071 1927 ht]
1091 1865 1193 1930 cogunt
1207 1872 1256 1915 tos
1275 1857 1435 1916 circumcidi
1462 1874 1469 1938 a
1490 1866 1594 1916 tantum
1620 1868 1649 1914 ut
1667 1859 1758 1942 crucis
1848 1844 1850 1848 ’

105 1952 203 2016 quat,
219 1959 336 2018 regnunt
357 1945 407 2004 liei
422 1961 477 2003 non
490 1955 705 2019 consequentur.
725 1945 842 2007 Fructus
854 1965 904 2004 au·
956 1948 1057 2008 Christi
1071 1952 1288 2022 persecutionem
1313 1965 1368 2007 non
1395 1950 1545 2022 patiantur.
1570 1949 1664 2023 Neque
1684 1951 1757 2008 enirn

105 2043 155 2092 tem
172 2034 296 2108 Spiritus
308 2044 352 2094 cst
364 2035 502 2104 charitat,
518 2038 659 2108 caudium,
673 2053 737 2109 pas,
753 2040 905 2109 patientia,
957 2043 1002 2115 qui
1016 2042 1261 2111 circumciduntur,
1284 2043 1372 2116 legem
1395 2044 1576 2111 custodiunt,
1599 2042 1646 2100 sed
1660 2042 1760 2124 rolurrt

104 2130 270 2202 benignitas,
281 2131 400 2202 bonitas,
416 2131 619 2203 longanimitas,
632 2142 644 2172 ⁰
659 2134 859 2201 mansuetudo,
872 2133 905 2189 sr-
957 2151 1007 2194 ros
1022 2137 1178 2196 circumcidi
1192 2179 1201 2207 ,
1215 2145 1246 2194 ut
1267 2139 1294 2194 in
1315 2146 1500 2196 carnerestra
1513 2137 1676 2210 glorientur.
1691 2136 1757 2193 ldihi

104 2223 323 2293 immodestia,
336 2226 651 2295 contineutis,costitss.
664 2227 907 2300 sdrersuslrnius-
958 2236 1049 2286 tutem
1071 2229 1142 2288 absit
1165 2230 1297 2304 gloriari,
1316 2229 1367 2286 nisi
1382 2229 1409 2287 in
1434 2244 1517 2288 cruce
1538 2229 1649 2287 Domini
1673 2231 1760 2288 nostri

104 2315 242 2374 nodiuon
257 2329 300 2376 est
315 2319 371 2376 los.
391 2318 550 2386 Quiautcm
571 2317 774 2387 sontCtrristi,
794 2334 908 2378 carmus
957 2321 1026 2380 lesu
1039 2320 1225 2394 Christi,per
1239 2337 1320 2395 quem
1334 2322 1401 2378 mihi
1414 2323 1531 2380 mundus
1544 2321 1691 2380 crucifixus
1705 2333 1759 2388 est,

104 2423 179 2466 surm
195 2408 397 2468 cruciliacrnut
409 2424 473 2468 cunr
487 2411 604 2470 uitiiset
622 2413 862 2485 concupiscentiis.
877 2411 908 2472 Sl
959 2425 1051 2490 stopo
1065 2417 1178 2474 mundo.
1193 2417 1222 2476 ln
1238 2418 1349 2476 Christo
1363 2418 1437 2474 enim
1451 2418 1528 2487 iesu,
1545 2417 1762 2490 nequecircum-

105 2500 200 2573 spiritu
215 2501 353 2571 risimus,
367 2503 465 2573 spiritu
480 2513 510 2560 ct
530 2503 714 2562 ambulemus.
728 2504 787 2562 lton
801 2505 908 2564 cilicia·
959 2512 1028 2569 cisio
1041 2509 1144 2583 aliquid
1153 2510 1236 2579 valet,
1250 2525 1338 2582 noque
1349 2511 1525 2582 praeputium,
1537 2509 1586 2568 sed
1599 2523 1670 2566 nora
1681 2525 1761 2566 crea-

105 2605 164 2648 mur
179 2591 274 2652 inanis
287 2592 385 2664 glorie
397 2593 510 2666 cupidi,
524 2595 643 2654 invicem
657 2608 856 2671 prouocantes,
868 2600 909 2656 in-
960 2616 1032 2663 tera.
1051 2606 1085 2661 Et
1098 2606 1263 2678 atticumque
1272 2605 1472 2676 hancregnlam
1486 2603 1575 2662 seerul
1586 2602 1697 2670 luerint,
1710 2617 1762 2672 pax

108 2683 194 2742 litim
210 2684 378 2744 invidem-
960 2712 1045 2770 super
1056 2697 1134 2764 illos,
1150 2705 1177 2754 et
1194 2696 1401 2765 inisericordia,
1416 2706 1536 2770 etsupor
1548 2694 1634 2753 lsrael
1647 2695 1707 2753 liei.
1724 2695 1764 2754 lie

140 2775 222 2851 [Cup.
232 2775 292 2851 lt]
305 2778 428 2848 Fratres,
439 2790 468 2838 et
478 2781 502 2838 si
516 2792 724 2854 preoccupatus
733 2782 817 2842 luerit
827 2783 910 2842 homo
960 2800 1065 2848 caetero
1076 2804 1157 2846 tremo
1170 2790 1238 2846 milri
1252 2790 1384 2848 molestus
1398 2791 1434 2847 sit
1449 2806 1456 2846 :
1473 2804 1525 2860 ego
1539 2790 1613 2848 enim
1634 2788 1761 2860 supinata

106 2867 132 2923 in
140 2868 235 2941 aliquo
245 2868 360 2939 delicto,
369 2886 429 2942 ros,
442 2876 489 2945 qui
500 2875 744 2946 spirituaioscstis,
753 2875 909 2950 hujusmodi
961 2883 1069 2940 llomini
1084 2884 1150 2940 lesu
1166 2881 1231 2958 [lis.
1253 2892 1305 2940 too.
1324 2879 1402 2953 lesu]
1423 2881 1450 2938 in
1465 2895 1582 2954 corpore
1596 2895 1659 2938 tneo
1672 2891 1762 2950 porto.

104 2961 522 3038 iustruiteinspiritulcnitatis
538 2985 545 3024 :
561 2969 744 3028 considerans
766 2980 793 3028 to
806 2970 909 3044 ipsum,
961 2975 1057 3034 Gratia
1080 2975 1188 3032 lionrini
1211 2974 1297 3032 nostri
1318 2974 1382 3032 lesu
1403 2973 1505 3034 Christi
1525 2988 1587 3032 curu
1608 2972 1765 3046 spiritate

104 3071 138 3114 ne
149 3066 184 3114 et
194 3065 225 3116 tu
238 3059 363 3116 tenteris.
378 3059 456 3118 hltcr
469 3061 591 3120 alterius
605 3078 689 3122 onera
702 3076 822 3136 portate,
833 3073 861 3123 et
870 3067 912 3124 sic
962 3079 1036 3141 stru,
1053 3070 1163 3128 iratres.
1179 3071 1279 3128 huten.
1526 3065 1529 3070 ’

103 3149 290 3223 adimpiebitis
303 3151 393 3225 leuem
405 3149 523 3212 Christi.
535 3153 604 3212 Nam
616 3156 641 3214 si
652 3156 716 3229 quis
728 3158 871 3216 existimat
882 3173 913 3217 sc

567 3271 684 3348 Explicit
704 3272 827 3346 Epistola
840 3275 875 3338 tt.
889 3275 972 3338 Posli
993 3281 1106 3352 apostoli
1126 3281 1161 3336 od
1177 3279 1298 3338 Galatas.

138 3432 273 3494 aliouren
287 3434 419 3508 Spiritus,
436 3435 509 3507 quod
522 3443 551 3494 et
564 3451 580 3494 a
598 3435 705 3495 Graecis
716 3438 858 3513 plerisque
870 3439 905 3498 li·
917 3454 942 3521 c
955 3402 1045 3511 allert,
1058 3453 1133 3500 seete
1145 3485 1153 3511 ,
1164 3443 1285 3502 horesco.

105 3502 159 3562 hrls
172 3507 270 3574 abest,
286 3507 313 3562 iu
327 3505 384 3562 Pal.
400 3521 453 3562 ms.
467 3507 651 3567 desideratur.
998 3525 1010 3554 ο
1028 3514 1079 3572 llic
1092 3531 1192 3572 nomen
1204 3519 1387 3586 mortauotudo,
1405 3517 1485 3588 paulo
1500 3527 1591 3576 auteur
1607 3527 1670 3589 post
1683 3519 1763 3576 costi-
1836 3573 1841 3584 ,

137 3575 153 3616 1»
169 3578 515 3657 Ejusdemsocisaipicnr,
526 3584 675 3652 queuntes
686 3582 713 3637 in
723 3581 819 3640 Graeco
830 3593 906 3642 tortu
959 3593 1020 3656 tot,
1035 3585 1176 3644 Palatinus
1191 3603 1244 3645 ms.
1260 3601 1321 3645 cum
1332 3589 1436 3647 Graccis
1449 3590 1554 3663 aliquot
1564 3589 1641 3647 lihris
1656 3591 1764 3649 reticet.

105 3646 235 3718 mcor,
259 3650 395 3722 duplicent
416 3653 670 3724 interpretationem
689 3653 829 3711 Palatinus
849 3671 902 3714 ms.

484 3929 573 4042 B·
617 3927 904 4046 mm
939 3927 1397 4049 nosuou

855 4121 1005 4190 metatu

330 4282 818 4438 EPISTOLA
849 4285 991 4433 At)
1027 4261 1537 4443 EPHESIOS.

134 4650 216 4724 terp.
232 4646 379 4724 l.]Paulus
395 4648 614 4723 apostolusiesu
628 4648 730 4708 Christi
746 4663 796 4721 per
809 4649 908 4706 uolun-
962 4650 1035 4709 lecto
1049 4651 1121 4712 Filio
1143 4670 1203 4713 suo.
1219 4658 1247 4714 ln
1262 4674 1315 4731 quo
1330 4659 1465 4718 hahemus
1482 4662 1698 4740 redemptionem
1714 4683 1764 4740 per

99 4752 184 4802 tatem
197 4742 663 4819 liei,oronihosssnctis,qaisunt
679 4744 910 4832 Ephesi,otiide·
962 4748 1121 4820 magniscam
1142 4749 1212 4822 ejus,
1240 4751 1432 4812 remissionem
1457 4765 1641 4831 peccatorum,
1666 4776 1764 4820 secun-

97 4835 173 4894 lihus
197 4839 229 4895 in
249 4834 361 4895 Christo
381 4836 458 4898 losu-
472 4837 566 4898 Cratia
579 4838 679 4906 vohis,
700 4849 728 4894 et
746 4853 796 4910 par
818 4853 833 4894 a
854 4837 911 4898 lico
962 4839 1027 4896 dum
1041 4840 1150 4898 divitias
1161 4843 1254 4915 gratias
1266 4843 1336 4915 ejus,
1350 4861 1411 4917 quar
1426 4849 1659 4920 superabundavit
1673 4853 1702 4910 in
1716 4869 1765 4914 no-

98 4930 182 4989 Patre
201 4942 311 5002 nostro,
335 4942 364 4990 et
383 4933 498 4990 Domino
517 4933 584 4992 lesu
597 4932 721 4991 Christo.
748 4932 913 4991 Benedictus
964 4933 1006 4989 his
1018 4935 1043 4990 in
1055 4933 1129 4992 omni
1144 4935 1279 5006 sapientia
1292 4949 1319 4996 et
1333 4941 1476 5010 prudentia
1491 4952 1541 5001 :ut
1552 4956 1646 5002 notum
1662 4943 1765 5008 laceret

96 5021 172 5083 Deus
187 5035 220 5083 et
233 5025 316 5084 Pater
329 5025 438 5083 Domini
454 5027 541 5085 nostri
552 5027 620 5084 lesu
632 5025 733 5084 Christi
746 5068 754 5095 ,
769 5026 815 5098 qui
829 5029 912 5084 herro-
966 5027 1046 5084 nohis
1062 5038 1263 5088 sacramentum
1275 5031 1424 5091 uoluntatis
1438 5049 1506 5105 suec,
1519 5037 1667 5095 secundum
1682 5041 1767 5102 henc-

96 5115 167 5174 dixit
182 5133 239 5174 nos
253 5118 281 5174 in
295 5119 371 5176 omni
386 5118 580 5178 bencdictione
593 5119 731 5191 spirituali
750 5120 778 5176 iu
791 5120 911 5178 coelesti-
926 5081 950 5142 ⁰
964 5118 1093 5190 placitum
1109 5120 1179 5192 ejus,
1202 5123 1273 5194 quod
1297 5124 1442 5197 proposuit
1464 5127 1490 5181 in
1512 5139 1557 5194 eo,
1579 5129 1605 5184 in
1625 5128 1767 5202 disponsa-

96 5209 150 5268 hus
164 5213 196 5268 in
212 5211 340 5282 Christo,
359 5214 431 5270 sicot
449 5214 531 5287 elegit
544 5229 596 5270 nos
608 5213 636 5270 in
651 5214 711 5286 ipso
734 5222 798 5272 ante
813 5215 910 5272 mundi
952 5215 1041 5273 tione
1065 5214 1240 5286 plenitudinis
1264 5225 1429 5291 temporum,
1454 5221 1609 5281 instaurare
1626 5227 1716 5282 omnia
1738 5229 1768 5284 iu

98 5302 343 5377 constitutionem,
357 5313 390 5362 ut
405 5319 529 5363 essemus
547 5307 634 5364 sancti
650 5313 678 5362 ot
700 5305 870 5364 immaculati
884 5307 912 5364 in
964 5308 1087 5379 Christo,
1100 5325 1161 5384 qtrae
1177 5313 1204 5368 in
1216 5311 1304 5382 coelis,
1319 5325 1345 5371 et
1359 5329 1419 5385 quta
1433 5315 1461 5370 in
1474 5324 1549 5374 terra
1565 5327 1638 5386 sont,
1654 5319 1681 5376 in
1697 5322 1769 5393 ipso.

96 5407 257 5473 conspectu
277 5401 338 5472 cius
356 5401 385 5457 in
404 5399 552 5458 charitate.
567 5401 619 5468 Qui
641 5399 848 5473 pradestinavit
863 5415 913 5458 nos
966 5401 995 5458 lo
1008 5418 1062 5474 quo
1076 5403 1156 5460 ctiam
1173 5413 1187 5442 ⁸
1200 5413 1228 5461 ct
1249 5420 1299 5462 uos
1313 5405 1384 5464 iortc
1399 5409 1488 5465 uocati
1504 5423 1610 5480 sumus,
1629 5413 1771 5478 praedesti-

96 5488 125 5547 in
139 5491 324 5564 adoptionem
350 5493 468 5551 liliorum
489 5509 539 5566 per
553 5493 647 5552 lesum
660 5492 800 5550 Christum
819 5493 848 5550 in
873 5493 914 5566 ip·
967 5495 1023 5550 nati
1039 5495 1187 5552 secundum
1204 5499 1373 5568 propositum
1389 5499 1458 5570 ejus,
1475 5502 1520 5574 qui
1536 5512 1665 5574 operatur
1678 5507 1770 5564 omnia

97 5600 175 5654 sum,
190 5586 348 5645 mundum
364 5588 535 5661 propositum
551 5585 703 5643 uoluntatis
719 5601 787 5658 sue,
804 5587 831 5643 in
852 5587 913 5642 lau·
968 5586 1118 5644 secundum
1144 5589 1290 5645 consilium
1316 5591 1462 5650 voluntatis
1486 5609 1565 5653 suae:
1588 5607 1618 5653 ut
1636 5599 1723 5656 simus
1745 5600 1774 5657 in

97 5679 165 5738 detn
181 5679 389 5754 gloriaegratiae
403 5697 471 5751 suae,
483 5685 510 5740 ln
522 5695 578 5755 qua
590 5679 756 5754 gratillctsit
770 5696 820 5737 nos
830 5680 858 5737 in
870 5681 915 5739 di·
969 5677 1076 5737 laudem
1087 5677 1183 5749 glorie
1197 5680 1257 5754 cius
1273 5696 1323 5739 tros
1335 5682 1400 5757 [lla.
1417 5693 1470 5741 tac.
1485 5685 1558 5761 nos],
1572 5688 1619 5761 qui
1633 5700 1697 5748 ante
1711 5706 1774 5763 spe-

135 5847 152 5877 ·
168 5836 269 5896 Verba
279 5847 302 5893 et
314 5855 373 5906 noa,
392 5854 454 5911 qus
473 5853 563 5911 nccoe
575 5839 603 5896 io
615 5838 713 5896 Graeco
727 5837 862 5898 lrahentar
876 5839 1035 5912 archetypo,
1050 5838 1188 5900 Palatinus
1202 5857 1254 5900 ms.
1273 5851 1356 5905 tacet.

255 5929 391 5994 Parnon.
421 5930 546 5995 xxix.
1517 5945 1557 6008 25
