4017 6334
99 355 143 415 111
725 353 829 414 uineta
847 353 1071 418 lsntttotttitt.
1676 357 1734 420 tit

131 474 252 548 Saperrae
264 471 480 544 confirtnotoeett
488 473 917 550 ferortuae,etomoeoptoctttrA
964 482 993 538 ln
1010 495 1054 540 mo
1065 484 1226 542 oonllrmata
1241 491 1284 543 etl
1295 483 1335 542 ira
1352 490 1417 542 tua:
1441 490 1470 541 et
1485 497 1581 543 omnes
1592 484 1731 546 elationes

101 579 150 624 noa
160 566 281 623 iodeoieti
294 581 373 639 otrper
386 581 437 622 one.
454 566 620 625 Dtarsauatn.
932 583 993 631 tuos
1006 588 1089 648 super
1100 590 1144 633 tao
1156 575 1298 634 induxisti.
1311 577 1477 635 Dturatrott.

128 661 208 733 torpe
220 660 302 728 teeioti
314 667 389 715 notor
403 675 473 714 meon
486 677 504 714 o
516 676 557 716 me
575 677 585 717 .·
601 671 745 731 potuerunt
762 679 802 720 ote
815 663 879 718 olo·
967 666 1059 740 Longo
1072 666 1162 726 leoiati
1182 678 1263 726 ttotos
1278 683 1382 726 tueota
1397 685 1452 739 me,
1467 677 1675 742 potueruntne
1696 671 1726 734 ia

100 753 316 813 minationemtidi.
931 765 996 840 [llo.
1012 775 1063 824 tor.
1079 765 1118 840 iu]
1133 765 1366 825 abominationem
1380 766 1434 824 eibi
1449 777 1458 823 t
1485 765 1600 824 traditus
1614 781 1685 840 sum,
1698 775 1727 826 ol

132 847 247 904 foeditate
254 862 324 914 tutti,
341 854 366 903 el
376 863 429 904 nott
441 847 591 920 effodiebat
602 863 612 905 .·
624 846 694 905 oettli
708 849 759 906 mei
772 850 880 926 inlique-
932 875 985 916 pop
996 859 1170 932 egrediebar.

99 953 149 1001 roal
160 959 211 1015 pto
224 943 327 1013 inopio-
539 965 552 997 a
967 953 1044 1009 oont
1059 952 1112 1010 mei
1128 951 1258 1022 ialirmati
1272 959 1337 1011 sunt
1351 963 1364 994 ⁶
1377 967 1435 1025 prae
1449 953 1550 1026 iuopia,
1564 953 1681 1012 clamavi
1696 952 1732 1011 ad

127 1035 234 1093 t'tonooi
244 1035 279 1090 od
291 1044 328 1104 te,
343 1033 465 1108 Domine,
488 1046 544 1094 toto
553 1036 595 1096 die
608 1037 723 1112 eomndi
736 1037 772 1094 od
786 1046 810 1095 te
824 1053 881 1094 mo·
931 1054 970 1114 te,
987 1045 1103 1105 Domine
1118 1062 1125 1102 a
1140 1053 1196 1103 tota
1209 1045 1254 1103 die
1267 1046 1384 1119 expandi
1398 1061 1496 1104 manus
1511 1059 1587 1106 meat
1598 1045 1633 1103 ad
1646 1055 1697 1124 to„

100 1145 141 1184 llll
151 1143 225 1182 meto.

127 1219 252 1289 domolo
265 1221 377 1277 mortario
389 1221 471 1293 [ories
490 1222 646 1279 minotiliot
657 1230 703 1278 oat
716 1221 811 1280 medici
821 1237 882 1280 tut·
967 1220 1105 1294 Numquid
1119 1219 1235 1279 mortuis
1248 1219 1334 1278 lacios
1346 1219 1504 1280 mirabilial
1517 1229 1565 1278 aut
1576 1221 1673 1280 mediol
1688 1238 1733 1282 ro-

97 1316 206 1385 eiteltot,
217 1316 445 1388 eteonptetaotar
457 1317 527 1373 tilii
549 1326 564 1357 ⁸
577 1316 742 1376 Dtarstutto.
932 1315 1121 1383 suscitabunt,
1135 1321 1165 1372 et
1177 1312 1385 1372 eontltobuntur
1399 1312 1472 1372 tibil
1486 1315 1641 1374 Drorsturtt
1665 1316 1730 1392 [tto.

931 1418 983 1465 tae.
1000 1405 1179 1480 Dtarsouua].

125 1501 251 1573 dimouit
261 1501 495 1574 norrottrotiootr
504 1501 533 1557 in
544 1503 665 1574 reputem
675 1501 881 1560 mirericordiam
967 1499 1103 1573 Numquid
1118 1499 1259 1559 enarrabit
1273 1500 1374 1574 aliquis
1388 1501 1416 1558 in
1436 1501 1564 1575 sepulcro
1578 1501 1734 1562 misericor-

97 1595 179 1649 temtt
193 1602 216 1647 et
228 1594 364 1650 teritotem
377 1601 448 1648 tuom
462 1594 490 1649 io
505 1592 678 1666 perditione?
931 1591 1005 1649 diam
1022 1592 1118 1648 tutml
1131 1599 1180 1648 tut
1194 1591 1339 1650 veritatem
1355 1601 1430 1650 tuam
1446 1594 1474 1649 in
1488 1593 1661 1664 perditione?

125 1685 249 1760 deotpold
260 1696 448 1758 eopnoorenttrr
460 1686 608 1743 intenebris
621 1686 753 1745 rairolilio
764 1695 812 1744 too
825 1689 838 1744 t
854 1697 881 1744 et
966 1683 1105 1756 Numquid
1121 1691 1325 1756 cognoscentur
1338 1685 1364 1741 in
1377 1684 1499 1743 tenebris
1512 1684 1647 1743 mirabilia
1662 1687 1728 1744 tual

93 1781 183 1851 jutitia
194 1786 238 1833 too
251 1780 280 1834 io
295 1787 366 1834 terro
377 1778 534 1834 ollioionirt
930 1787 978 1833 aut
989 1777 1095 1849 justitia
1110 1786 1155 1835 tua
1169 1779 1197 1834 in
1210 1785 1283 1834 terra
1295 1777 1466 1836 oblivionisl

125 1871 153 1924 lit
163 1870 248 1942 epood
262 1878 302 1940 te,
315 1868 438 1936 Domine,
448 1870 561 1926 elorrumi
575 1881 621 1927 :et
635 1887 712 1928 mooe
723 1869 808 1928 oratio
822 1879 919 1942 oreon
966 1870 1003 1928 tit
1017 1887 1068 1944 ego
1080 1871 1114 1928 ad
1129 1879 1175 1941 to,
1189 1871 1321 1945 Domino,
1337 1872 1454 1930 clamavi
1469 1889 1477 1930 r
1492 1882 1521 1931 et
1539 1886 1620 1931 mano
1639 1873 1728 1931 oratio

96 1963 260 2034 prmmiote.
929 1979 991 2022 anea
1006 1965 1207 2036 praeveniette.

124 2052 232 2126 litorii,
247 2053 373 2122 Domine,
387 2055 493 2127 repellit
506 2055 651 2112 orationem
663 2056 768 2114 nreoml
784 2057 880 2114 mertia
966 2057 1002 2114 tlt
1024 2057 1100 2131 quid.
1118 2057 1251 2126 Domine,
1270 2055 1279 2098 ¹
1301 2056 1415 2130 repellis
1439 2059 1592 2116 orationem
1616 2057 1724 2116 mearat

94 2147 251 2218 {mentorem
265 2147 358 2204 eme?
927 2148 1029 2207 avertis
1041 2149 1140 2206 laniem
1152 2158 1254 2207 tuama
1269 2151 1332 2207 mel
1346 2150 1513 2209 Dtorsaartt.

125 2237 218 2310 Pauper
232 2251 263 2294 ψ
279 2255 338 2294 earn
352 2236 364 2307 ζ
376 2253 436 2310 epo,
448 2246 473 2294 et
488 2238 516 2294 io
531 2237 664 2296 lolorilntt
675 2256 694 2295 o
700 2241 877 2313 iuuentute-t-
964 2241 1056 2315 ligent
1070 2255 1131 2299 aum
1150 2257 1212 2314 opo,
1226 2251 1255 2300 et
1269 2243 1295 2299 in
1311 2243 1448 2302 laboribus
1463 2247 1635 2317 ajurontute
1645 2257 1723 2314 moa;

95 2330 156 2399 nee}
165 2331 292 2386 enoltotue
303 2340 402 2398 notem,
416 2330 570 2387 laterariliotur
582 2348 650 2396 eorm,
662 2342 685 2389 et
700 2332 878 2390 conteruntur.
930 2335 1070 2393 exaltatus
1082 2345 1185 2404 autom,
1199 2335 1358 2392 humiliatus
1370 2351 1430 2392 tum
1444 2335 1625 2396 ottonianus.

122 2421 152 2476 lo
160 2438 196 2479 ore
209 2423 372 2479 transierum
381 2424 429 2480 irre
442 2433 517 2480 tute:
532 2438 563 2482 -e
575 2434 601 2479 et
614 2425 625 2495 ζ
636 2433 748 2481 terrores
762 2425 801 2481 tari
814 2441 879 2482 eon·
965 2430 996 2487 ln
1009 2443 1053 2487 mo
1066 2429 1285 2503 pertransierunt
1296 2429 1345 2487 ire
1356 2437 1410 2487 tute
1422 2447 1429 2486 a
1441 2439 1470 2488 et
1482 2438 1604 2489 terrores
1616 2429 1655 2488 tui
1665 2443 1733 2488 oon·

96 2513 272 2571 tortererantb
288 2531 340 2571 me.
930 2521 1113 2579 turbaverunt
1127 2535 1182 2578 ute.

123 2605 347 2664 circumdederant
363 2623 405 2664 roe
421 2609 491 2665 aient
507 2625 581 2684 opor
595 2615 651 2665 toto
664 2608 719 2680 die,
732 2609 878 2667 momorde-
963 2613 1211 2672 circumdederunt
1225 2627 1270 2672 me
1284 2613 1358 2672 sieut
1372 2625 1442 2686 aqua
1456 2621 1512 2672 tota
1528 2613 1574 2672 dio
1588 2629 1596 2671 r
1611 2612 1732 2672 eircum-

28 2763 33 2774 .
95 2700 331 2758 onnmeimot.
928 2705 1064 2763 dederunt
1079 2704 1230 2762 mosimul.

123 2792 280 2867 stomoma
294 2811 335 2852 rne
348 2795 462 2852 noricam
475 2805 499 2852 et
510 2795 660 2870 proximem
673 2811 683 2853 .·
695 2810 727 2854 ψ
742 2803 767 2854 et
778 2796 791 2868 ζ
802 2805 879 2856 notor
905 2789 909 2794 ’
965 2794 1108 2868 ttloapasti
1123 2809 1139 2852 t
1159 2810 1203 2854 ato
1221 2795 1344 2856 amicam
1364 2804 1393 2856 et
1414 2795 1568 2872 proxImum
1584 2814 1591 2855 a
1606 2804 1635 2856 et
1650 2805 1731 2855 notos

95 2885 303 2942 oeooamr'rerio.
928 2903 1006 2946 ment
1020 2903 1036 2945 a
1051 2887 1172 2948 miseria.

688 2981 871 3048 PSALMUS
890 2981 1102 3050 lxxxiiii.

227 3095 240 3128 θ
255 3101 443 3144 amanuenses
460 3100 553 3144 eruant
570 3101 722 3143 aaaaarru.
1091 3101 1277 3146 tnrauurcrut
1295 3103 1387 3146 eruta
1406 3101 1567 3148 asatorum.
1623 3091 1630 3101 ’

122 3177 308 3237 iliterirordioe
322 3178 431 3235 Domini
444 3181 474 3235 in
487 3188 615 3236 oeternum
628 3186 749 3236 cantato.
936 3165 942 3174 ’
965 3181 1169 3240 liiserioordias
1178 3191 1249 3250 tuas,
1259 3183 1422 3252 Domine,in
1437 3193 1570 3241 aeternum
1586 3183 1703 3243 cantabo
1720 3203 1727 3242 ι

121 3271 151 3327 ln
162 3273 329 3345 oneratione
342 3282 366 3328 et
379 3274 584 3346 amantiorem,
605 3271 766 3330 annuntiabo
780 3263 913 3329 nerito-C
928 3270 956 3328 in
966 3274 1147 3345 generatione
1166 3283 1196 3331 et
1215 3275 1344 3346 progenie
1363 3274 1546 3348 pronuntiabo
1560 3275 1625 3350 [llo.
1647 3291 1731 3348 pene-

94 3373 206 3419 tentarem
217 3365 244 3420 in
257 3381 306 3420 ore
319 3380 388 3420 meo.
931 3364 1040 3423 ratione
1055 3365 1232 3438 antruutiabo]
1245 3365 1390 3422 veritatem
1407 3375 1480 3423 tuam
1497 3367 1523 3424 in
1539 3382 1588 3425 ore
1603 3383 1677 3424 meo.

123 3457 240 3526 monlon
252 3458 346 3514 dioioti
360 3457 416 3514 :ln
427 3465 555 3514 uterorum
569 3455 879 3528 mirericordiooedipeo·
966 3457 1100 3524 Quoniam
1121 3455 1214 3514 dixisti
1230 3473 1238 3512 t
1256 3457 1283 3514 ln
1304 3465 1437 3515 aeternum
1455 3459 1643 3517 misericordia
1659 3459 1727 3518 redi·

94 3549 149 3604 litor
160 3565 188 3605 ÷
203 3551 250 3620 in}
263 3550 336 3606 cotio
348 3565 359 3604 :
372 3549 562 3623 preparabitur
570 3549 665 3604 oerittu
678 3559 763 3605 totae
772 3548 800 3605 in
812 3548 849 3604 elo
866 3549 876 3618 ζ
931 3546 1057 3605 beabitur
1074 3565 1082 3608 ι
1097 3547 1125 3604 in
1139 3548 1218 3606 omlis
1233 3551 1433 3621 preparabitur
1447 3551 1549 3608 ueritas
1564 3560 1621 3612 tua.

120 3641 238 3716 Dirpootri
262 3652 447 3699 testamentum
464 3643 551 3699 eleetie
579 3641 653 3710 meir,
675 3642 766 3715 jarnoi
794 3639 880 3697 Dooid
967 3640 1093 3712 Disposui
1108 3649 1303 3700 testamentum
1320 3642 1415 3698 electio
1434 3643 1513 3712 mels,
1531 3643 1622 3714 lutati
1646 3645 1730 3702 llaaid

92 3752 154 3791 terro
165 3752 219 3792 meo
234 3754 243 3793 :
256 3751 339 3808 usqae
352 3735 380 3792 r‘n
392 3747 518 3792 otonem
532 3735 685 3807 propatulo
698 3750 785 3790 temen
795 3744 878 3790 terror.
930 3746 1012 3790 terto
1034 3747 1097 3789 meo
1116 3749 1124 3788 t
1142 3748 1228 3805 usque
1244 3733 1271 3789 in
1292 3742 1426 3790 oeternum
1451 3737 1614 3808 praeparabo
1635 3751 1730 3796 sennen

122 3828 150 3884 dt
162 3830 332 3902 edificnioin
347 3829 538 3901 penetrationem
551 3838 576 3884 et
587 3828 780 3902 penerotlonem
792 3827 880 3884 aedon
929 3834 1009 3880 tunm
1027 3841 1034 3878 :
1049 3835 1078 3881 et
1091 3825 1232 3882 radilleoba
1245 3826 1272 3882 in
1286 3826 1415 3882 seculum
1431 3827 1524 3883 amnuit
1538 3825 1605 3900 [ile.
1617 3841 1731 3901 genera·

93 3930 160 3977 trem.
175 3925 344 3980 DtarsauuA.
360 3923 365 3933 '
930 3917 1006 3974 tioue
1017 3926 1045 3974 et
1055 3917 1244 3992 generatione]
1256 3918 1349 3976 sedem
1366 3927 1449 3974 tuam.
1462 3919 1629 3976 Datrstuttt.

120 4015 310 4086 confitebantur
332 4017 390 4074 rull
412 4013 546 4071 mirotitto
571 4022 627 4084 too,
654 4014 787 4072 Dauniae:
807 4025 833 4072 et
845 4030 876 4073 -ι-
964 4009 1174 4068 Cottiilobuntur
1188 4011 1253 4068 roeli
1265 4011 1400 4068 mirabilia
1411 4019 1470 4082 tua,
1485 4011 1600 4070 Domine
1617 4029 1626 4071 t
1642 4023 1670 4071 et
1683 4029 1730 4072 te·

92 4111 148 4162 enim
159 4111 170 4179 ζ
183 4114 319 4186 toritatem
330 4121 400 4166 toton
411 4112 438 4166 in
452 4109 563 4166 rectorio
576 4118 738 4165 tanetotttnt.
928 4102 1037 4160 ritatem
1049 4111 1121 4160 tuam
1134 4105 1161 4161 itt
1175 4105 1292 4164 ecclesia
1304 4116 1474 4165 sauctorum.

120 4201 244 4267 Quoniam
255 4203 316 4276 quia
329 4205 356 4258 ln
369 4201 479 4258 nolitne
491 4203 637 4274 opnnlr‘mr
650 4199 787 4259 Domino?
802 4202 877 4259 eimi·
964 4197 1099 4267 Quoniam
1113 4199 1176 4271 ouis
1190 4199 1217 4254 iu
1232 4197 1350 4255 nubibus
1364 4199 1517 4271 opinabitur
1536 4198 1670 4258 Dominol
1683 4211 1730 4260 aut

92 4292 118 4348 tir
127 4291 194 4350 erit‘¹
208 4295 268 4353 Deo
281 4297 310 4350 in
320 4294 384 4365 filiis
397 4291 449 4351 Dei
457 4295 470 4349 l
928 4295 990 4365 prais
1005 4291 1106 4350 similit
1121 4293 1176 4352 erit
1190 4293 1246 4350 Doo
1258 4293 1333 4352 iuter
1348 4293 1421 4350 ilios
1429 4293 1496 4352 Deil
1745 4305 1750 4312 ·

117 4385 237 4462 Demetri
247 4389 412 4464 plorificntrtr
424 4390 452 4446 in
465 4389 574 4446 comitio
584 4397 733 4447 onnrtorom
744 4405 755 4447 .·
765 4407 877 4466 mopoao
965 4387 1037 4444 Deus
1048 4397 1061 4437 ε
1071 4387 1118 4460 qui
1132 4386 1301 4459 plurificatur
1311 4387 1339 4445 in
1350 4389 1466 4444 coneilio
1478 4397 1635 4447 sauctorum
1649 4405 1658 4447 t
1671 4404 1730 4446 mn-

91 4482 236 4541 otorililr'r
248 4499 329 4555 seper
340 4499 428 4540 omme
440 4482 486 4555 orti
498 4481 527 4539 lo
540 4483 651 4541 eirrotro
661 4484 718 4556 eim
730 4493 805 4542 eant.
927 4495 998 4554 gom
1012 4489 1042 4538 et
1056 4479 1219 4539 metuendus
1230 4495 1313 4554 super
1325 4494 1423 4538 omnes
1437 4482 1483 4554 qui
1497 4481 1525 4538 iu
1540 4481 1658 4546 circuitu
1669 4481 1728 4556 ojus

927 4583 1002 4633 tunt.

104 4737 130 4772 '¹
144 4733 171 4792 ln
184 4735 276 4793 Palat.
297 4750 350 4793 mo.
374 4731 447 4792 istud
469 4734 625 4806 Diopootmo
638 4737 780 4801 retinetur,
802 4735 873 4807 quod
888 4737 914 4800 D
927 4737 1011 4795 mitro
1036 4737 1228 4808 Diapsolmate,
1251 4739 1329 4811 inope
1350 4755 1408 4794 oum
1428 4756 1486 4812 epo,
1510 4747 1564 4798 ete.
1581 4737 1651 4796 Tum
1670 4753 1723 4795 ms.

90 4815 140 4862 eta
158 4808 262 4866 Gruocis
279 4807 421 4865 codicibus
433 4808 531 4865 otest:
553 4819 595 4864 eat
608 4818 698 4864 aulem
711 4809 739 4863 iu
759 4807 875 4865 liebrmo
925 4827 1003 4878 nuper
1017 4827 1056 4865 me
1067 4811 1237 4880 trottoieruol,
1252 4822 1307 4867 etc.
1328 4811 1372 4879 El,
1389 4810 1582 4866 Cireunn'erant
1605 4827 1645 4866 nte
1660 4810 1727 4865 ticut

90 4886 139 4936 idi.
927 4889 1007 4944 nuti,
1024 4894 1079 4938 ete.

119 4948 184 5005 blle
198 4964 362 5020 pronomen,
380 4950 452 5018 ouod
466 4950 571 5016 deerat,
595 4966 629 5008 eu
644 4949 768 5006 Palatino
780 4965 833 5006 ms.
846 4960 876 5008 et
946 4899 977 4999 qt
997 4953 1164 5009 Veronensis
1185 4969 1237 5009 ms.
1263 4952 1335 5009 Dono
1353 4953 1541 5027 plorifioonrlno
1563 4953 1630 5006 iotor
1655 4949 1727 5021 filim

89 5018 159 5088 Coro,
174 5032 234 5078 turn
258 5021 435 5090 originalibus
456 5023 533 5078 libris
554 5022 627 5090 allis,
642 5032 670 5078 et
692 5037 755 5078 nunt
779 5023 876 5093 primis
921 5028 1185 5098 jortmoru,mnpnuo
1197 5035 1220 5080 et
1229 5023 1352 5082 terribilia
1361 5039 1544 5096 superomneo,
1556 5032 1726 5091 elementia

90 5091 201 5161 ltebrmo,
216 5101 352 5156 imm,
366 5092 532 5149 sufferimus.
926 5098 1092 5152 tttlatnussittt
1104 5113 1165 5153 ertru
1182 5098 1343 5168 Attgttstinn,
1355 5112 1443 5166 neque
1457 5111 1518 5149 cnm
1530 5093 1584 5148 alio
1598 5096 1727 5163 nutritiam

120 5165 189 5222 ttto.
202 5165 375 5222 Sortmnious
389 5165 471 5219 babet
484 5164 607 5220 scltnlion
621 5162 694 5219 istud
709 5179 717 5220 :
733 5161 873 5232 Israelita,
927 5167 1072 5234 Psnltetio,
1084 5169 1155 5240 quood
1170 5169 1265 5224 sciam.
1282 5167 1313 5222 Et
1331 5174 1465 5223 notamen
1478 5165 1549 5220 banc
1562 5175 1652 5234 patos,
1664 5180 1727 5234 tptrae

90 5233 122 5287 rel
134 5233 245 5292 Euaitee
260 5235 368 5291 ltabetttt
381 5236 410 5290 in
421 5235 585 5308 potooooorrr.
602 5235 631 5290 lu
645 5243 720 5292 tortu
736 5238 795 5306 ipso
809 5235 875 5308 legit
927 5232 1002 5295 antu*
1013 5241 1205 5314 liieronyumm
1226 5238 1374 5302 obtinebat,
1395 5236 1555 5302 lectionem,
1572 5244 1726 5306 opportuno

90 5304 191 5363 laraitoe.
206 5309 297 5364 bitur.
927 5320 1051 5367 notatum
1064 5311 1113 5378 ipsi
1125 5321 1167 5367 est
1183 5309 1209 5364 m
1223 5311 1322 5380 smpius
1337 5308 1443 5361 innodata
1464 5307 1580 5376 epistola
1597 5307 1630 5362 nol
1651 5309 1725 5362 Sitn-

117 5380 130 5416 'l
144 5379 282 5435 Palatium
295 5391 347 5434 ms.
364 5375 490 5443 Domino,
507 5377 621 5447 propius
633 5377 730 5434 Grmoo
743 5382 837 5456 rapio.
928 5382 1000 5436 triam
1011 5392 1039 5438 et
1051 5381 1194 5444 Frettrlam,
1213 5398 1262 5447 pro
1280 5377 1388 5434 terribili
1405 5377 1505 5433 lectum
1520 5387 1600 5434 anteo
1617 5378 1726 5433 ltorren·

120 5459 131 5486 ⁰
145 5453 211 5506 Cnm
217 5451 382 5516 sororiano,
394 5448 559 5504 aerummis
572 5448 663 5503 amab
671 5450 772 5522 inopia,
783 5461 808 5504 et
815 5449 872 5504 elo·
927 5451 1000 5518 donn,
1016 5452 1060 5506 nbi
1078 5452 1159 5508 ltnlret
1173 5469 1179 5505 :
1196 5449 1358 5522 Oetopeot'mo
1372 5457 1462 5502 oetooo
1472 5465 1481 5504 :
1493 5465 1608 5516 ntagnus
1619 5459 1648 5506 ot
1660 5451 1726 5502 ltnr-

90 5521 148 5574 erort'
159 5521 194 5576 od
207 5530 243 5587 te,
263 5519 395 5574 Domine:
411 5530 466 5575 toto
478 5521 522 5574 elie
532 5521 635 5576 estoldi
650 5535 741 5575 monuo
754 5536 824 5575 meno
839 5520 875 5576 od
927 5526 1027 5578 roudus
1045 5539 1052 5576 :
1067 5539 1116 5592 pro
1129 5540 1179 5594 qno
1193 5523 1220 5576 iro
1235 5519 1325 5575 droco
1335 5518 1463 5575 inuenisse
1476 5537 1519 5577 ooo
1530 5519 1632 5589 dicitis,
1649 5521 1726 5594 prde-

90 5601 118 5644 te.
132 5594 218 5662 Atque
231 5592 320 5646 altero
334 5592 368 5644 alt
382 5590 435 5646 laoe
446 5607 543 5656 terso,
560 5591 690 5646 eroorroott
710 5596 767 5655 noio
790 5593 817 5646 ln
831 5609 875 5648 oe·
926 5595 980 5670 ρός,
996 5593 1066 5665 pronti
1088 5595 1218 5667 simillimi
1236 5590 1378 5652 torribilis.
1403 5592 1550 5657 titinnius,
1573 5591 1727 5647 formidan-

90 5663 168 5729 potrro
181 5661 389 5718 miserioordmm
405 5671 513 5716 tanntet
527 5663 668 5722 oeritotrm.
685 5673 740 5718 ete.
757 5663 790 5718 tt
803 5662 877 5719 too·
926 5668 987 5719 dats.
1014 5664 1071 5734 Dipo
1095 5674 1156 5736 poto
1173 5665 1199 5718 in
1219 5665 1304 5730 ipsunt
1323 5661 1472 5734 eipnificoro
1490 5672 1513 5718 et
1532 5663 1724 5719 horrendum:

88 5734 169 5801 quenti
188 5734 258 5797 alio,
269 5733 406 5800 etjaotitin
417 5743 462 5786 too
474 5735 503 5786 in
518 5743 588 5787 terrn
601 5733 692 5787 ollito.
927 5751 998 5799 tton,
1026 5744 1053 5788 ut
1078 5735 1169 5808 aolino
1195 5735 1328 5803 nalitnot,
1359 5735 1554 5806 despiciendum
1579 5745 1603 5792 ot
1628 5731 1726 5805 epitriti-

121 5803 220 5860 ¹luxta
245 5803 388 5874 luparatin.
405 5802 557 5860 temnens.
577 5803 658 5868 libor,
673 5803 795 5871 repulisti
812 5819 872 5860 ora·
927 5803 1000 5877 dunt,
1016 5813 1072 5861 oto.

90 5873 173 5931 tionem
185 5891 281 5944 meone,
290 5875 405 5932 ooertietl
416 5875 509 5946 {oriem
522 5883 595 5930 tunm
613 5890 631 5929 o
649 5875 707 5932 nte?
719 5883 747 5932 et
762 5883 874 5947 proeter-
