4017 6334
259 349 315 412 rsa
760 341 790 400 a.
812 327 1003 402 mereatur
1022 335 1139 398 norma
1160 300 1398 396 muneraret.
1861 329 1911 388 rra

261 477 346 524 scere
357 477 418 531 ros,
440 458 648 520 oteoailrmetis
661 458 690 516 in
704 455 780 514 illurn
794 454 968 514 claritatem.
996 450 1061 510 ldee
1075 452 1099 516 Α
1114 449 1231 508 rar-etsta
1247 447 1316 506 iacis
1329 447 1446 520 ptertun
1462 445 1569 504 bomini
1580 445 1771 516 speculantes,
1797 444 1825 504 iu
1840 459 1912 504 mot·

264 561 353 628 euim,
381 567 410 614 et
423 556 537 627 scripsi,
563 561 594 610 ut
605 565 767 623 cognoscam
780 549 996 621 experimentum
1009 560 1058 604 ro·
1114 541 1177 602 dem
1190 540 1335 614 imaginem
1350 538 1576 600 transformamur
1589 552 1606 596 a
1619 539 1743 600 clariute
1755 536 1785 598 ie
1797 539 1909 598 clarita·

268 662 372 723 strum,
394 667 429 708 au
443 650 470 706 in
489 648 618 705 enauibua
632 646 791 703 «obedientes
806 644 875 700 sitis.
909 642 1062 700 Guiautem
1115 645 1180 702 tem,
1197 631 1607 707 tanquanabnrotoispiruu.
1723 691 1728 708 .

265 743 366 817 aliqarid
379 741 513 808 donastis,
541 751 569 797 ct
582 755 650 813 epe:
677 753 740 796 uam
768 744 858 805 etcge
881 733 953 806 quaed
978 731 1065 790 deua-
1151 729 1229 806 [Gap.
1243 725 1301 801 ll]
1311 723 1375 786 ldae
1390 725 1522 786 babentes
1534 728 1549 768 ¹¹
1562 725 1828 784 administrationem
1837 726 1913 797 juxta

266 839 310 906 ri,
331 839 356 894 si
371 837 436 910 quid
448 835 565 900 denari,
591 841 703 905 prepter
716 845 766 888 vars
780 830 807 888 in
820 844 936 903 persem
951 827 1064 896 etnim,
1115 825 1188 898 need
1210 824 1425 885 misericerdiam
1440 823 1580 884 consecuti
1600 838 1716 892 somus,
1740 836 1796 882 non
1822 821 1913 880 detet-

269 943 301 990 ut
316 949 370 989 nen
386 929 630 988 circumveniamur
643 943 659 984 a
673 927 791 984 satana:
806 939 860 982 nen
875 924 947 981 enim
957 923 1065 994 ignem-
1117 933 1193 985 mus,
1210 916 1260 974 scd
1273 915 1432 974 abdicamus
1445 917 1551 972 occulta
1575 914 1733 982 dedecoris,
1749 928 1803 970 neu
1820 912 1916 968 ambu-

269 1036 355 1086 ιιιιιεΙΙ
371 1024 549 1099 cogitationes
564 1021 632 1095 ojus.
648 1019 716 1078 Cum
731 1018 865 1077 venissem
879 1026 969 1076 aetem
979 1013 1066 1073 Troa-
1117 1009 1205 1068 lantes
1219 1009 1245 1067 in
1260 1008 1376 1076 astutia,
1402 1025 1490 1082 neque
1515 1005 1701 1066 adulterantes
1715 1007 1829 1064 serburn
1851 1005 1913 1073 liei,

268 1120 330 1178 pem
356 1128 468 1192 propper
493 1116 668 1187 Euangeliou„
690 1113 807 1184 campas,
834 1122 862 1170 aa
876 1111 976 1170 nouom
999 1111 1066 1170 nutui
1117 1102 1166 1164 aad
1186 1105 1214 1162 io
1234 1101 1454 1163 mmileatatiane
1475 1100 1595 1161 remeato
1613 1098 1839 1156 commendantes
1851 1112 1915 1154 ues-

268 1220 392 1284 apertum
402 1219 475 1267 essct
486 1208 645 1274 innomine,
660 1221 713 1262 nou
728 1205 809 1262 nabad
824 1205 943 1275 montem
958 1203 1065 1276 spiritui
1118 1195 1250 1268 rnetipaes
1264 1194 1299 1251 ad
1318 1207 1427 1250 omnem
1443 1193 1637 1250 censcientiam
1660 1193 1801 1250 bominum
1822 1207 1915 1250 coram

271 1319 344 1374 mee,
359 1319 393 1360 ee
405 1302 478 1373 enred
493 1317 546 1358 neu
562 1301 712 1356 invenerim
725 1298 816 1355 Titum
831 1299 941 1354 tratrem
955 1311 1064 1366 merant,
1119 1291 1186 1350 lies.
1202 1289 1278 1359 Quod
1301 1289 1324 1344 si
1339 1291 1420 1346 etiarn
1435 1298 1559 1360 opertum
1582 1296 1626 1347 eat
1646 1289 1826 1361 Euangeliou
1854 1303 1919 1344 ues-

266 1397 315 1454 sed
340 1395 504 1454 ualelaeicus
530 1396 591 1460 cis,
627 1393 763 1462 prrarleetua
791 1408 851 1448 sum
883 1391 910 1448 iu
937 1390 1065 1448 llacede-
1119 1394 1210 1453 trum,
1237 1384 1330 1453 iniis,
1350 1384 1394 1456 qui
1418 1393 1551 1456 percunt,
1567 1393 1610 1441 est
1633 1393 1779 1456 opertum:
1806 1385 1836 1440 ia
1859 1383 1918 1454 qei-

268 1492 352 1548 uiam.
379 1483 1065 1560 beeautemgrattas,aoisempertriumpbatues
1119 1480 1170 1538 btts
1201 1479 1273 1538 beru
1302 1478 1384 1550 bujm
1415 1477 1507 1536 saeuit
1540 1479 1688 1540 exerravit
1729 1485 1835 1536 meantes
1862 1477 1920 1532 inii·

270 1585 298 1641 in
319 1583 429 1640 corioro
452 1581 528 1651 ιιιιι,
555 1587 584 1637 ct
596 1579 709 1636 oderem
723 1578 827 1635 notitiae
841 1592 899 1634 ree
913 1577 1068 1635 maarllastat
1119 1569 1241 1640 delium,
1257 1581 1287 1630 ot
1309 1585 1363 1628 non
1380 1570 1480 1643 lulpeat
1497 1582 1509 1612 e
1526 1571 1580 1628 illis
1599 1567 1764 1628 illuualnrtle
1779 1571 1919 1642 Evangelii

271 1691 320 1748 per
332 1689 383 1731 nats
396 1674 424 1730 in
438 1674 512 1730 eorni
526 1672 603 1730 lece:
624 1672 687 1744 quia
709 1669 809 1727 Christi
832 1671 919 1726 benus
939 1670 1007 1727 arder
1021 1686 1068 1730 se·
1118 1667 1215 1739 glorie
1234 1665 1358 1731 Christi,
1381 1666 1426 1736 qui
1448 1671 1490 1720 est
1510 1665 1599 1738 imago
1611 1661 1669 1720 liet.
1684 1663 1742 1720 Nou
1765 1663 1839 1721 enirn
1855 1679 1922 1720 nes-

270 1785 332 1826 mus
358 1770 429 1825 beo:
458 1769 486 1826 iu
502 1769 536 1824 iis
548 1768 595 1840 quui
608 1765 676 1822 salai
692 1767 775 1832 dunt,
804 1775 832 1822 et
847 1765 874 1820 iu
889 1765 923 1821 iis
941 1766 986 1837 nui
1004 1777 1068 1837 per·
1121 1759 1252 1832 metipsos
1272 1760 1468 1832 praedicamus,
1486 1759 1534 1816 scd
1556 1760 1650 1816 lesum
1666 1760 1804 1817 Christum
1826 1759 1920 1816 bomi-

271 1871 355 1921 euot:
371 1862 433 1918 aliis
446 1861 555 1933 quidem
568 1859 637 1915 eder
650 1859 746 1916 mertia
758 1859 785 1914 iu
798 1866 929 1924 mertem;
942 1858 1005 1914 aliia
1019 1873 1070 1914 au-
1086 1851 1108 1912 b
1122 1843 1187 1910 num
1198 1859 1322 1909 nestrum
1335 1869 1342 1908 ι
1357 1865 1407 1907 nus
1419 1860 1510 1908 autem
1520 1866 1614 1908 serram
1624 1860 1732 1908 vestros
1746 1867 1795 1924 per
1807 1851 1921 1919 lenam,

272 1964 328 2013 tem
340 1954 479 2015 ederuitae
492 1955 519 2009 iu
534 1954 628 2009 uitam.
645 1953 678 2008 Et
686 1953 718 2008 ad
731 1952 789 2008 lame
800 1952 860 2025 quis
872 1961 926 2008 tam
938 1951 1069 2010 idoneus?
1121 1945 1249 2019 thttliffl
1267 1945 1339 2002 ⁰²⁰³
1361 1944 1407 2014 qui
1422 1943 1489 2002 tllssl
1509 1945 1544 2002 ‘le
1563 1943 1699 2013 tenebris,
1716 1945 1805 2006 11100111
1826 1947 1921 2018 Stilon-

268 2047 328 2106 ileu
352 2049 424 2104 enim
451 2061 545 2104 sumus
569 2047 640 2104 sieut
665 2046 774 2118 plurimi
793 2046 977 2104 adulterantes
1002 2062 1068 2106 uer·
1121 2042 1248 2110 descere,
1265 2037 1324 2114 ipse
1338 2039 1428 2096 illuxit
1441 2039 1474 2102 iu¹
1490 2038 1621 2100 cordibus
1633 2043 1751 2110 nestris,
1768 2040 1801 2099 ad
1817 2039 1920 2098 ittunt-

271 2137 337 2196 bum
353 2139 420 2208 net,
439 2138 717 2206 aedersinceritatc,
740 2138 999 2210 sedsicuteallce,
1024 2155 1071 2198 ce-
1121 2131 1260 2192 natieuem
1283 2131 1404 2188 scientiae
1425 2129 1557 2190 claritatis
1583 2129 1649 2200 bei,
1679 2131 1707 2190 in
1730 2131 1798 2190 lacie
1822 2129 1924 2190 Clrrlsti

272 2247 331 2291 ram
348 2233 413 2302 lice,
431 2233 457 2289 in
472 2231 580 2289 Christo
595 2232 741 2305 loquimur.
1122 2223 1197 2284 lesu.
1217 2221 1455 2282 llabemusautem
1472 2223 1632 2282 tnesaurum
1644 2223 1724 2280 istum
1740 2223 1767 2282 in
1792 2222 1866 2280 rasis
1877 2223 1926 2280 lic-

309 2325 386 2400 [tlnp.
409 2323 467 2400 ill]
499 2325 646 2398 lnclpimus
670 2326 768 2382 iterum
794 2324 978 2398 nosmetipsos
996 2340 1073 2382 cnm·
1122 2322 1237 2380 tilibus:
1254 2329 1285 2378 ut
1309 2317 1462 2377 sublimitas
1489 2319 1526 2378 sit
1544 2319 1651 2376 uirtutis
1668 2317 1735 2394 liei,
1762 2328 1791 2378 et
1814 2337 1869 2384 nen
1889 2336 1924 2379 ex

273 2419 424 2478 mandare?
440 2419 753 2492 aetnumqarideucmos
768 2417 848 2492 (sicet
860 2417 982 2494 quoidam)
995 2437 1072 2478 ceru-
1123 2415 1212 2474 uobis.
1231 2413 1259 2472 lo
1275 2413 1400 2472 omuibus
1420 2411 1626 2472 tribulationem
1651 2411 1778 2485 patimur,
1798 2414 1850 2470 sed
1869 2429 1924 2472 non

273 2515 442 2573 mendatltiis
453 2513 579 2586 epistolis
593 2513 627 2570 ad
642 2528 701 2581 res,
715 2521 763 2571 atat
776 2527 808 2569 ea
823 2511 921 2570 robis?
949 2511 1070 2585 Epistola
1122 2509 1310 2582 angustiamur
1322 2525 1329 2560 ι
1341 2505 1516 2578 aporiamur,
1532 2504 1580 2563 sed
1593 2520 1645 2562 uen
1658 2505 1849 2564 destituimur:
1864 2522 1924 2576 per·

274 2619 366 2668 nestra
382 2625 432 2666 rea
449 2609 528 2677 eatis,
551 2607 650 2680 scripta
672 2606 699 2664 iu
717 2607 847 2667 cordibus
868 2605 989 2678 nestris,
1013 2623 1073 2678 uun
1124 2599 1291 2658 secutionem
1305 2600 1442 2672 patimur,
1459 2597 1508 2656 sed
1523 2612 1576 2656 ueu
1600 2595 1831 2672 derelinquimur:
1856 2597 1926 2674 deji-

274 2703 361 2762 scitur
385 2711 412 2760 et
430 2701 529 2775 legitur
546 2701 581 2758 ab
608 2701 735 2758 omnibus
762 2699 932 2758 bominibus:
957 2699 1071 2757 manile·
1122 2693 1227 2764 clurur,
1253 2695 1300 2751 sed
1317 2691 1523 2765 nenperimus:
1547 2707 1655 2766 saurauer
1681 2690 1922 2750 mertilieariouenr

273 2796 336 2853 stati
350 2795 422 2867 quod
435 2794 553 2864 epistola
565 2792 633 2850 estis
647 2792 767 2864 Christi,
791 2793 945 2852 ministrata
963 2809 979 2848 a
992 2792 1073 2853 nebia
1123 2790 1188 2849 lesu
1202 2791 1229 2846 in
1244 2803 1359 2864 corpore
1374 2797 1467 2845 nostre
1491 2785 1735 2860 circumferentes,
1754 2797 1785 2842 ut
1810 2798 1840 2844 et
1864 2790 1918 2844 uita

269 2896 298 2947 et
312 2889 411 2958 scripta
427 2901 481 2943 neu
496 2894 659 2954 atramento,
689 2885 989 2960 sedspiritrtlieiriul3
1019 2904 1073 2944 nasu
1124 2885 1188 2942 lesu
1216 2880 1403 2940 ruauilcstetur
1430 2881 1458 2937 iu
1481 2865 1642 2954 cerporibus
1666 2881 1777 2938 nestris.
1809 2881 1926 2952 Searrper

274 2982 301 3039 ln
316 2981 414 3037 tabulis
430 2979 555 3052 lapideis,
579 2982 626 3039 aed
643 2981 670 3038 in
687 2982 786 3040 talualia
799 2982 893 3039 cerdis
907 2983 1072 3044 carnalibus,
1124 2978 1197 3036 enim
1212 2991 1262 3036 uras
1274 2971 1321 3052 quai
1340 2975 1467 3045 uiuimus,
1484 2975 1510 3030 iu
1527 2983 1643 3030 nrertcur
1664 2975 1796 3032 tradimur
1812 2985 1926 3049 prepter

274 3071 415 3130 Fiduciam
428 3083 518 3130 nartem
533 3071 613 3129 talem
636 3072 779 3141 babemus,
806 3089 855 3145 per
877 3073 1017 3133 Christum
1040 3075 1073 3133 ad
1124 3070 1234 3129 lesum:
1258 3081 1287 3127 ut
1300 3080 1329 3127 et
1342 3069 1394 3127 vita
1408 3069 1473 3127 lesu
1489 3069 1678 3126 manifestetur
1696 3069 1818 3129 incarne
1833 3080 1926 3127 ιιι-ιιι

274 3165 361 3222 beram
375 3183 383 3222 a
399 3181 452 3221 uon
467 3165 540 3238 qued
555 3163 721 3222 suilieieutes
735 3167 821 3224 aimus
835 3167 956 3239 cogitare
971 3167 1073 3240 aliquid
1127 3165 1246 3222 mortali.
1261 3163 1332 3238 Euge
1345 3180 1419 3222 aners
1431 3166 1458 3222 in
1473 3165 1552 3220 uobis
1566 3170 1712 3234 operatur,
1727 3163 1780 3225 rita
1795 3174 1889 3224 auteur
1900 3167 1926 3227 in

274 3273 289 3314 a
304 3258 394 3325 uobis,
418 3259 495 3332 quasi
515 3272 547 3314 er
571 3257 666 3315 nobis:
691 3259 739 3314 scd
755 3258 920 3316 suideieutia
933 3268 1026 3317 nestra
1040 3277 1073 3322 er
1089 3245 1111 3309 C
1127 3257 1214 3315 rolris.
1230 3257 1367 3314 llabeutes
1382 3265 1473 3315 auteur
1484 3255 1609 3314 eumdem
1624 3239 1748 3326 spiritura
1764 3257 1841 3327 lidei,
1857 3258 1927 3321 sicut

274 3351 331 3408 Dee
346 3359 403 3406 est:
426 3349 472 3422 qul
491 3359 519 3405 et
537 3349 648 3407 idoneos
673 3365 723 3408 ees
748 3351 812 3408 lecit
839 3351 981 3408 ministres
1011 3355 1072 3410 nesl
1126 3352 1257 3422 seriptum
1273 3358 1316 3406 est
1327 3367 1334 3410 t
1347 3347 1458 3406 Credidi
1469 3359 1581 3426 prepter
1595 3349 1668 3422 qued
1683 3348 1788 3407 loeutus
1804 3368 1886 3422 sarm,
1902 3363 1928 3416 nt

274 3443 448 3510 testaureuti;
466 3458 518 3498 ranu
533 3443 633 3513 littera,
649 3445 697 3500 sed
710 3444 828 3515 Spiritu:
843 3443 1016 3506 litteraeniur
1029 3461 1076 3503 ee·
1126 3460 1176 3502 nes
1189 3443 1336 3515 oredimus,
1354 3453 1465 3518 prratpter
1488 3443 1558 3518 qued
1583 3454 1611 3499 et
1635 3445 1785 3516 leqrrimur:
1807 3444 1927 3504 scientes

274 3537 358 3606 cidit,
372 3535 491 3611 Spiritus
503 3550 595 3594 autern
606 3537 734 3594 vivificat.
764 3538 843 3608 Quod
863 3539 886 3596 si
908 3539 1073 3598 ministratio
1125 3535 1253 3611 querriaur
1264 3535 1312 3608 qui
1326 3535 1470 3592 suscitarit
1481 3534 1588 3606 tesana,
1604 3543 1632 3591 ct
1652 3549 1703 3592 nes
1717 3535 1855 3597 oumlesu
1868 3552 1928 3593 sus-

275 3632 371 3690 mortis
382 3631 481 3688 litteris
496 3631 645 3688 deformata
661 3634 686 3688 iu
699 3631 852 3702 lapidibus,
871 3631 920 3690 iuit
932 3633 958 3688 lu
973 3633 1071 3708 gloria,
1099 3665 1100 3668 κ
1126 3629 1229 3696 citabit,
1246 3642 1274 3686 et
1293 3628 1440 3686 constituet
1452 3626 1603 3706 uobiscum.
1620 3625 1715 3690 Omnia
1728 3627 1802 3684 eniur
1813 3639 1929 3702 prepter

275 3727 311 3784 lta
325 3737 354 3783 ut
365 3743 419 3785 ueu
431 3736 540 3798 pesseut
552 3725 694 3782 intendere
704 3723 751 3782 dlii
763 3725 844 3782 lsrael
857 3743 882 3781 ru
895 3726 990 3783 laniem
1001 3729 1074 3802 lloy·
1127 3741 1196 3784 res:
1212 3732 1241 3780 ut
1252 3723 1339 3800 gratie
1354 3721 1496 3778 abundans
1509 3762 1517 3790 ,
1541 3736 1590 3793 per
1613 3719 1714 3777 multes
1728 3721 1754 3776 in
1776 3723 1927 3796 gratiarum

275 3821 319 3887 si,
342 3829 453 3892 prepter
471 3819 587 3891 gloriam
608 3819 699 3875 urrltus
724 3819 801 3890 ejus,
826 3832 887 3893 quan
909 3829 1074 3880 evacuatur:
1127 3825 1255 3888 actione,
1271 3818 1391 3876 abundet
1411 3817 1438 3874 iu
1458 3817 1571 3894 gloriam
1586 3815 1646 3872 liei.
1658 3813 1772 3892 Propter
1787 3817 1860 3886 rpued
1874 3833 1927 3880 nep

276 3914 414 3988 queauede
429 3930 482 3971 neu
499 3913 584 3986 magis
598 3913 761 3972 ministratio
776 3904 894 3984 Spiritus
906 3915 960 3972 erit
976 3915 1002 3972 in
1018 3915 1076 3988 gle-
1127 3914 1287 3978 deficimus:
1303 3912 1352 3971 sed
1366 3912 1431 3970 licet
1444 3911 1478 3984 is,
1502 3909 1549 3987 qui
1570 3909 1637 3971 loris
1658 3921 1698 3970 est
1708 3951 1717 3982 ,
1734 3918 1828 3971 noster
1845 3911 1929 3970 bema

277 4007 338 4064 rial
366 4006 433 4063 llam
458 4006 482 4062 si
507 4007 673 4063 ministratio
698 4005 883 4062 damnationis
907 4005 994 4079 gioria
1010 4017 1074 4070 est:
1127 4015 1302 4078 corrumpat:
1318 4017 1407 4062 tamen
1423 4007 1455 4068 is.
1468 4005 1512 4076 orn
1526 4005 1664 4078 bonusest,
1678 4003 1871 4070 reueratnrdc
1882 4005 1929 4066 die

277 4101 363 4156 multe
383 4101 468 4172 caragis
486 4101 605 4156 abundat
624 4099 690 4173 [lla.
706 4099 868 4175 abundarit]
891 4102 1073 4164 ministerium
1128 4103 1155 4159 in
1170 4101 1252 4158 diem.
1278 4099 1306 4160 ld
1330 4098 1415 4167 enim,
1430 4097 1502 4174 qued
1529 4099 1556 4154 iu
1579 4099 1706 4170 praesenti
1720 4106 1761 4156 est
1776 4107 1929 4160 momenta·

273 4188 388 4263 institiae
407 4191 433 4246 in
454 4193 552 4262 pieria,
590 4190 658 4247 Nam
675 4205 725 4247 nec
737 4190 917 4263 glorillcatum
932 4203 989 4264 est,
1004 4193 1076 4268 quod
1128 4207 1210 4248 neum
1223 4202 1250 4248 et
1266 4192 1325 4248 leue
1343 4189 1525 4246 tribulationis
1539 4202 1658 4254 austrae,
1674 4204 1756 4266 supra
1774 4189 1885 4250 medum
1899 4189 1928 4246 in

274 4285 374 4342 claruit
398 4285 425 4340 iu
441 4283 491 4341 luae
502 4296 591 4355 parte,
618 4295 730 4358 propter
747 4285 927 4342 excellentem
945 4287 1072 4359 pieriam.
1128 4285 1295 4342 sublimitate
1308 4295 1441 4341 aeteruum
1456 4281 1550 4356 pieriae
1565 4281 1671 4354 perudus
1686 4292 1817 4356 operatur
1836 4282 1863 4340 in
1879 4297 1930 4338 ne-

277 4376 306 4434 st
320 4375 391 4432 enim
408 4375 479 4448 quaed
492 4383 648 4442 evacuatur,
665 4376 839 4451 perpleriam
853 4385 908 4432 est:
924 4379 1010 4436 rrrnlte
1021 4396 1077 4436 ma·
1128 4377 1179 4440 bis.
1192 4371 1254 4434 lien
1277 4377 1525 4450 contemplantibus
1547 4375 1626 4438 nobis
1646 4389 1706 4448 quae
1721 4373 1863 4446 uidentur,
1878 4375 1928 4434 sed

275 4469 318 4542 pis
331 4469 402 4542 qued
417 4477 520 4540 manet,
535 4471 561 4524 iu
576 4468 727 4540 gloriaest.
753 4468 890 4530 llabentes
900 4471 982 4548 igitur
994 4473 1075 4535 talem
1128 4487 1188 4544 quan
1203 4486 1258 4529 neu
1274 4471 1410 4528 uidentur.
1426 4471 1491 4538 Qua
1505 4469 1579 4526 enlm
1604 4468 1746 4538 rideatur,
1768 4469 1927 4547 temporale

277 4579 372 4635 spem,
401 4561 487 4618 multa
500 4561 596 4620 inducia
612 4562 731 4619 utirour:
759 4574 786 4621 ct
802 4579 855 4621 nen
871 4565 940 4623 sieut
963 4565 1072 4641 llepses
1128 4579 1206 4630 suut:
1221 4582 1281 4640 apum
1293 4575 1383 4622 autem
1396 4581 1449 4626 neu
1462 4563 1602 4633 uidentur,
1613 4573 1714 4621 aeterna
1729 4575 1820 4634 suot,

278 4657 397 4728 ponebat
411 4655 535 4712 relanreu
550 4669 634 4726 seper
646 4654 744 4713 taciem
759 4671 853 4726 suam,
871 4669 901 4716 ut
915 4678 970 4718 nen
987 4637 1115 4719 iuteo·D
1165 4659 1243 4736 [Cep.
1261 4657 1304 4732 V.]
1324 4657 1430 4716 Sciurus
1444 4658 1532 4724 enim,
1547 4658 1675 4729 queniam
1687 4657 1711 4715 si
1724 4657 1864 4719 terrestris
1876 4658 1927 4717 du-

277 4747 434 4805 derentdlii
458 4747 542 4805 lsrael
564 4748 592 4804 iu
611 4747 707 4804 laciem
726 4750 805 4822 ejus,
829 4753 901 4822 qued
916 4763 1075 4828 evacuatur,
1129 4771 1189 4812 naras
1216 4763 1307 4812 uestra
1332 4752 1413 4825 hujus
1446 4751 1622 4809 lrabitatienis
1649 4750 1834 4824 dissoluatur,
1854 4749 1926 4824 quaed

277 4842 326 4900 aed
337 4841 426 4899 obtusi
440 4852 505 4898 sunt
516 4855 614 4899 seusus
627 4857 733 4900 cerum.
768 4843 859 4916 Usque
872 4846 899 4902 in
914 4843 1076 4904 bodiernum
1128 4848 1336 4905 aedificationem
1350 4861 1384 4902 ex
1404 4845 1460 4902 beo
1475 4843 1616 4917 trabernas,
1633 4843 1743 4906 demum
1763 4859 1817 4902 neo
1832 4859 1927 4907 maun·
2007 4861 2008 4914 1

276 4935 349 4993 enim
363 4935 433 4990 dicm
447 4934 564 5007 idipsum
580 4935 701 4991 uelaareu
715 4936 742 4991 iu
754 4937 870 4994 lea-tiene
883 4938 981 4996 ueteris
992 4951 1077 4998 tesna—
1129 4938 1238 5007 lactam,
1254 4945 1384 4996 mtcrrmm
1396 4937 1424 4993 iu
1439 4936 1526 4996 caelis.
1541 4935 1608 4994 Naue
1624 4949 1651 4994 et
1665 4937 1692 4996 iu
1706 4936 1760 4994 bec
1773 4937 1927 5010 ingemisci·
2007 4925 2008 4950 ³

276 5027 362 5086 meutl
387 5036 478 5084 manet
502 5043 556 5082 neu
585 5027 735 5091 revelatum
759 5029 899 5104 (queniam
926 5033 954 5087 iu
968 5030 1077 5088 canae
1129 5047 1200 5100 arros,
1221 5032 1418 5088 habitationem
1433 5039 1564 5099 nestram,
1584 5046 1647 5104 quaa
1661 5029 1695 5087 de
1708 5027 1779 5105 [lla.
1796 5031 1823 5088 ln
1836 5028 1845 5104 Ἰ
1858 5030 1927 5090 eoeln

276 5123 453 5198 evacuatur),
467 5123 613 5194 sedesque
625 5123 651 5177 in
663 5121 824 5180 hodiernum
836 5123 928 5192 diem,
955 5141 1017 5182 cum
1035 5125 1076 5183 lc·
1128 5136 1180 5192 est,
1195 5125 1351 5197 superindui
1365 5127 1517 5201 cupientes.
1531 5124 1560 5182 Si
1574 5134 1664 5180 tamcu
1678 5125 1778 5193 restiti,
1795 5140 1849 5183 urm
1864 5123 1926 5183 trudi

275 5219 349 5293 gitur
359 5219 477 5294 lleyses,
491 5217 615 5274 velamen
630 5219 749 5287 positum
761 5213 895 5290 estsuper
907 5236 956 5277 cer
968 5236 1076 5283 cernua,
1128 5219 1311 5276 inveniamur.
1326 5217 1392 5274 Nam
1407 5226 1434 5273 et
1448 5217 1493 5294 qui
1507 5231 1602 5274 sumus
1618 5217 1644 5274 iu
1665 5217 1716 5281 laec
1730 5217 1925 5285 tabernacola,

235 5351 241 5361 .
276 5310 344 5369 Cum
358 5321 449 5369 autem
467 5325 614 5371 conuersus
635 5309 717 5366 luerit
741 5310 775 5368 ad
792 5311 953 5385 bourinunr,
972 5317 1077 5374 attlere·
1128 5313 1333 5386 ingemiscimus
1345 5313 1468 5388 grauati:
1489 5327 1523 5370 ee
1536 5311 1607 5386 quaed
1624 5311 1752 5371 uolumus
1767 5313 1923 5391 exspoliari,

277 5411 321 5460 tur
336 5404 469 5460 uelamen.
504 5403 633 5460 benrinus
648 5412 739 5460 autem
753 5402 870 5476 Spiritum
884 5417 941 5463 cat:
965 5407 1010 5464 ubi
1028 5425 1075 5464 au·
1129 5408 1176 5464 sed
1192 5407 1369 5480 supervestiri
1382 5424 1389 5474 ;
1414 5415 1445 5470 ut
1459 5407 1637 5470 absorbeatur
1650 5407 1723 5488 qued
1738 5409 1853 5476 mortale
1867 5419 1923 5474 est,

277 5507 332 5554 tem
346 5495 468 5569 Spiritus
478 5495 597 5566 borotra,
613 5495 651 5554 ibi
666 5496 788 5556 libertas.
817 5497 872 5555 ttos
886 5515 951 5558 uere
966 5517 1074 5572 omnes,
1129 5501 1223 5559 auita.
1237 5501 1289 5570 Qui
1306 5512 1397 5559 autern
1411 5500 1497 5558 elicit
1521 5516 1570 5559 nos
1584 5502 1612 5558 in
1633 5499 1685 5558 bec
1708 5503 1820 5575 ipsunt,
1838 5504 1921 5568 nens,

311 5669 325 5698 ¹
340 5657 478 5716 Palatinus
490 5671 555 5728 ma,
566 5675 618 5715 noo
633 5660 702 5715 enim
715 5659 867 5732 ipsammet
878 5659 989 5716 ιιιιιιίιι
1001 5659 1075 5730 aopi·
1129 5659 1217 5716 Palat.
1233 5675 1286 5716 mr.

275 5731 477 5802 uttomrejm:
496 5731 525 5786 iu
538 5733 740 5789 Grmceautem
754 5739 859 5787 ιιιιιιιιιι
880 5742 941 5803 ιιι,
961 5733 998 5790 roi
1014 5735 1072 5792 sori-
1164 5743 1176 5774 ⁸
1197 5732 1333 5818 llienrere
1357 5729 1412 5785 illia
1439 5741 1611 5802 pmuemea,
1637 5727 1712 5814 qued
1735 5729 1763 5784 in
1787 5728 1922 5800 plerisque

207 5851 211 5857 .
275 5825 429 5942 μαῖαλωίι
451 5888 605 5956 mmm
630 5873 699 5937 wc
717 5876 796 5948 ium
814 5874 943 5934 Gmm
965 5885 1073 5938 mm
1124 5802 1318 5862 Graecianum
1332 5801 1457 5872 babetur,
1475 5800 1562 5908 balat.
1576 5815 1631 5860 aas.
1647 5809 1756 5862 ιιιιιιι.
