4017 6334
148 952 230 1030 Qum
245 949 470 1038 Hieronymus
493 969 534 1016 ex
552 948 664 1016 Gnaeo
679 947 762 1016 sacri
781 945 901 1014 codicis
926 953 1040 1027 textu,
1062 948 1089 1014 st
1106 965 1210 1016 unum
1234 948 1332 1033 atque
1351 951 1492 1028 alterum
1512 951 1659 1029 libellum
1675 945 1764 1019 exci·
1810 986 1814 998 ·

110 1058 179 1138 pias
197 1102 208 1136 ,
229 1057 263 1120 ιιι
283 1057 434 1120 Latinum
451 1053 634 1130 convertit,
649 1051 1253 1130 llebrmududumabsolutuCanone,
1273 1057 1360 1117 tomo
1382 1053 1445 1118 boc
1458 1071 1594 1134 operum
1614 1052 1687 1136 ejus
1709 1051 1765 1116 dc·

109 1155 547 1220 cimocontineutnr.llunc
568 1153 757 1218 sibilorum
783 1158 881 1234 atque
905 1151 1053 1218 ordinem
1079 1152 1151 1236 ipsa
1180 1155 1345 1234 postulare
1366 1154 1536 1218 ridebatur
1560 1155 1764 1222 recensionis

113 1261 235 1320 nostrm
250 1256 350 1336 hujus
367 1257 467 1323 series
482 1299 491 1336 ,
512 1256 580 1320 sire
594 1301 603 1334 ,
617 1260 653 1318 ut
671 1254 779 1318 verius
794 1255 897 1320 dicam
911 1297 920 1330 ,
933 1254 1197 1336 Hieronymianm
1212 1254 1281 1338 eius
1295 1257 1570 1338 interpretationis
1585 1274 1710 1338 genus,
1722 1272 1768 1320 ex

110 1361 214 1424 attero
228 1360 472 1440 Scripturarum
488 1359 574 1424 tonte
586 1359 778 1422 derivatum.
796 1357 966 1422 Tribuitur
980 1365 1091 1422 autem
1108 1357 1160 1423 tric
1173 1358 1242 1438 ipse
1256 1359 1287 1422 in
1302 1360 1382 1424 duas
1402 1367 1510 1442 partes
1527 1366 1654 1425 tomusr
1670 1377 1763 1442 qua·-

110 1479 182 1522 rum
198 1477 268 1524 una
287 1478 361 1540 qum
375 1459 500 1524 Veteris
514 1459 712 1524 Testamenti
729 1458 814 1521 haud
828 1474 907 1522 sane
920 1458 1026 1522 multa
1043 1463 1200 1540 superant
1219 1466 1290 1540 post
1303 1461 1426 1542 grande
1445 1462 1654 1544 naufragium
1667 1462 1769 1526 moni·

109 1567 241 1636 menta,
254 1558 359 1621 altera
374 1557 500 1622 Novum
515 1575 610 1620 omne
629 1555 890 1641 comprehendit:
909 1573 950 1620 ex
967 1558 1079 1620 Graeco
1098 1566 1260 1640 utraque,
1275 1565 1400 1624 tantum
1419 1561 1505 1642 quod
1522 1562 1766 1646 iliadetypupaa,

113 1665 177 1726 ista
197 1661 430 1746 primigenium
446 1668 573 1744 atque
561 1689 632 1746 αρχι
627 1669 719 1726 τὐπιι
741 1665 865 1725 textum
883 1660 993 1724 relect.
1009 1662 1088 1738 Qum
1106 1668 1140 1724 ut
1165 1665 1265 1746 probe
1280 1669 1411 1737 teneas,
1429 1682 1486 1744 por
1502 1670 1610 1746 partes
1634 1672 1712 1728 suut
1726 1667 1769 1733 ds

109 1785 206 1830 neore
219 1773 420 1848 ,antequam
444 1765 484 1830 ad
506 1765 677 1850 tegendum
701 1763 858 1846 accedas,
874 1766 1075 1832 enucleatius
1097 1769 1312 1852 exponenda,
1337 1771 1578 1852 repetendaque
1598 1770 1767 1911 respautu

110 1868 224 1934 altius.

151 1969 372 2054 Hieronymus
388 2018 398 2052 ,
412 1988 477 2051 ιιιιο
492 1987 589 2036 nemu
605 1987 760 2054 umquam
776 1973 848 2051 post
862 1969 1011 2034 homines
1026 1974 1119 2034 natos
1133 1969 1318 2034 diuinarum
1328 1971 1527 2036 Litterarum
1542 1971 1677 2048 scientia
1691 1988 1769 2037 ma·-

106 2073 154 2162 gis
170 2071 340 2148 excelluit,
352 2091 448 2136 nemo
467 2073 507 2136 ad
521 2089 593 2136 eam
616 2070 866 2154 comparandam
882 2071 954 2152 plus
972 2071 1146 2150 diligentiae
1160 2075 1257 2151 atquo
1273 2069 1439 2134 industrior
1455 2068 1607 2145 eontulit,
1626 2072 1770 2152 primum

106 2173 138 2233 in
153 2171 275 2236 Latina
293 2173 344 2238 sui
375 2173 534 2256 temporis
551 2171 724 2250 versione,
744 2174 944 2256 quaeritiis,
970 2173 1038 2240 stre
1065 2175 1281 2258 interpretum
1306 2177 1426 2258 culpa,
1443 2178 1511 2240 sive
1534 2176 1770 2255 librariorum,

107 2275 220 2338 multis
241 2277 390 2340 scatebat
406 2277 468 2355 ,ad
484 2275 628 2340 nativum
648 2289 700 2340 τῶν
713 2275 922 2358 Septuaginta
941 2277 1109 2356 exemplar
1122 2278 1305 2360 exigenda,
1323 2281 1420 2358 atquo
1435 2276 1637 2344 emendanda
1652 2323 1662 2354 ,
1677 2278 1768 2358 inge-

110 2375 154 2436 nii
170 2379 277 2454 atque
291 2373 483 2439 eruditionis
498 2392 566 2440 suae
584 2375 764 2456 periculum
781 2375 866 2440 iecit.
889 2377 1037 2440 Praetusit
1052 2383 1148 2440 tantm
1161 2379 1255 2441 molis
1276 2379 1367 2458 operi
1385 2380 1575 2442 recensione
1594 2378 1651 2444 illa
1672 2378 1774 2442 Psat-

109 2495 240 2542 morum
254 2521 265 2552 ,
279 2495 379 2558 prope
405 2475 544 2542 dixerim
571 2477 784 2544 tumultuaria
801 2524 810 2557 ,
826 2495 925 2560 quam
938 2521 947 2556 ,
962 2482 999 2542 ut
1023 2477 1093 2558 ipse
1105 2476 1171 2553 ait,
1189 2481 1292 2542 ιιιιιιιιι
1311 2480 1437 2560 pesitus
1460 2479 1547 2562 apud
1565 2481 1767 2554 Damasum,

112 2579 241 2654 ocrim,
252 2587 283 2642 et
299 2599 413 2662 magne
429 2586 555 2646 tantum
573 2589 716 2664 reperte
731 2582 960 2646 adornaverat.
978 2581 1133 2644 Fortasse
1147 2600 1253 2661 neque
1267 2589 1316 2646 est
1332 2587 1408 2646 tunc
1421 2583 1484 2646 alia
1502 2583 1641 2647 editione
1657 2583 1775 2658 (iresca.

115 2699 192 2746 usus
209 2729 219 2762 ,
235 2699 338 2762 qaam
362 2699 435 2764 queo
450 2681 490 2746 ud
517 2699 634 2749 manus
651 2686 742 2758 erat,
761 2689 793 2748 et
811 2691 888 2750 loe-nt
905 2729 915 2762 ‚
933 2682 1125 2752 Communis,
1150 2682 1234 2746 dieta
1265 2687 1336 2758 ert,
1362 2681 1447 2762 quud
1474 2683 1571 2762 vulgo
1597 2684 1771 2748 obtineret.

110 2785 205 2850 Sorte
221 2804 264 2848 ne
282 2785 315 2846 in
333 2785 506 2850 eonsilium
522 2786 652 2866 quidem
668 2783 768 2848 luisse
782 2784 960 2849 adhibitam
978 2783 1199 2864 Hexaplarem
1210 2782 1360 2864 Origenis
1375 2827 1383 2858 ,
1398 2782 1502 2846 obolis
1519 2789 1619 2862 atque
1633 2783 1772 2848 asteris-

109 2887 156 2950 cis
184 2887 383 2950 instructam
395 2933 406 2965 ,
420 2905 473 2952 res
489 2887 560 2966 ipsa
588 2886 775 2969 persuadet.
793 2885 874 2948 Cum
893 2889 1000 2953 tamen
1027 2886 1109 2950 bene
1126 2886 1347 2948 rudimentum
1360 2883 1420 2948 boc
1434 2885 1541 2968 ipsum
1565 2886 1721 2964 cesserit,
1738 2888 1775 2948 ot

108 2987 271 3054 Romanae
285 2989 475 3074 cumprimis
492 2987 645 3055 Ecclesiae
660 2985 823 3070 suffragiis
838 2987 1034 3069 probaretur
1048 2987 1241 3069 (etiamnum
1255 2988 1376 3070 quippe
1391 2988 1565 3050 ιιιιιιιιιιιιιιι
1578 2987 1778 3053 Proiterium·

108 3087 233 3170 audit),
249 3089 305 3154 ilie
322 3093 467 3156 enirnum
492 3089 532 3154 ad
548 3091 736 3155 universam
754 3091 938 3152 versionem
962 3088 1053 3153 ittam
1071 3105 1113 3151 ex
1136 3087 1263 3170 integro
1277 3086 1372 3168 juxta
1394 3086 1541 3152 Graecum
1554 3093 1673 3168 ,atque
1696 3105 1775 3150 eum

110 3191 249 3274 quidem
266 3193 363 3278 longe
387 3192 684 3260 emendatissimum
701 3191 921 3275 Honaplarem
939 3194 1064 3256 textum
1084 3189 1282 3272 religendam
1306 3191 1443 3271 appulit.
1458 3190 1522 3252 blec
1535 3207 1616 3254 sarno
1635 3189 1775 3254 dubium

108 3297 261 3372 ridetur,
276 3299 352 3378 quin
376 3305 408 3362 et
430 3299 637 3381 propositum
654 3293 870 3380 persingulas
887 3299 995 3374 partes
1011 3296 1208 3364 exsecutus,
1235 3294 1337 3353 totum
1356 3289 1483 3352 Veteris
1496 3288 1695 3375 Testamenti
1712 3288 1777 3354 Ca-

106 3415 235 3462 nonem
255 3398 434 3464 continenti
451 3399 507 3466 illa
532 3397 698 3476 archetypi
722 3393 967 3476 comparatione
983 3389 1177 3472 expetiverit
1194 3409 1202 3449 ι
1218 3395 1325 3453 tannen
1340 3389 1398 3452 etsi
1413 3389 1477 3453 duo
1492 3407 1580 3456 nune
1596 3389 1658 3455 soti
1671 3407 1781 3472 rupes

113 3504 195 3562 real
212 3497 285 3582 libri
299 3516 341 3561 ex
357 3515 395 3562 ea
412 3499 601 3564 recensione
620 3495 756 3580 integri,
775 3493 834 3559 iob
849 3539 858 3570 ,
872 3499 903 3556 et
921 3489 1112 3556 psalterium
1127 3534 1136 3564 ,
1151 3489 1350 3570 totidemque
1368 3487 1493 3570 prologi
1515 3493 1549 3555 in
1562 3489 1663 3554 libros
1679 3491 1775 3555 Salo-

112 3596 247 3679 monis,
276 3607 314 3682 et
334 3599 629 3682 Paralipomenon,
656 3598 712 3682 ιιιιι
742 3601 779 3660 ιιι
805 3592 1007 3678 deperditum
1035 3611 1120 3672 opus
1149 3591 1275 3674 majore
1304 3590 1338 3654 in
1368 3589 1529 3657 desiderio
1554 3591 1771 3669 rit,taciuui‚

111 3703 323 3778 Haberemus
338 3747 347 3778 ,
366 3684 394 3766 si
420 3701 516 3768 labor
530 3701 583 3768 itle
598 3705 726 3766 mtatem
743 3701 889 3767 tulisset.
905 3697 1071 3776 quantivis
1089 3697 1183 3780 pretii
1209 3697 1400 3760 thesaurum
1430 3713 1532 3764 sacrm
1554 3695 1748 3764 eruditionis
1760 3742 1776 3779 ,-

111 3821 243 3888 exque
261 3789 477 3870 etrestituere
492 3801 713 3886 Hexaplarem
739 3803 844 3883 ipsam
870 3801 1047 3866 editionem
1071 3798 1189 3880 saepius
1209 3798 1343 3870 liceret,
1360 3803 1392 3862 et
1410 3796 1674 3865 l'eterisLatium
1696 3800 1775 3865 reli·

111 3905 214 3986 quies
232 3907 468 3992 asteriscorum
485 3908 721 3986 obelorumquc
736 3923 797 3988 opo
813 3927 821 3968 ι
839 3909 906 3968 tum
921 3902 977 3984 qui
995 3899 1092 3966 luerit
1108 3901 1179 3980 eius
1195 3899 1381 3982 interpretis
1399 3915 1515 3964 sensus
1528 3905 1627 3978 atquo
1643 3899 1775 3964 animus

112 4009 148 4071 in
163 4009 250 4084 locis
266 4009 507 4086 vexatisstmis,
523 4008 618 4074 nullo
635 4009 766 4092 negotio
787 4008 1021 4073 internoscere.
1041 4003 1121 4081 Quae
1135 4008 1256 4081 quanta
1275 4001 1360 4074 sint,
1379 4000 1401 4063 ii
1419 4000 1513 4078 iacile
1529 4002 1699 4078 seruiunt,
1715 4001 1783 4080 ιιιιι.

110 4125 229 4174 sacras
248 4106 432 4191 Scripturas
457 4128 498 4177 ex
525 4112 744 4192 Antiquarum
766 4111 894 4181 urente,
909 4114 1009 4188 etque
1026 4104 1243 4188 originalibus
1274 4103 1364 4166 libris
1394 4098 1536 4173 scrutari
1563 4102 1788 4184 percupiunt.

107 4209 356 4289 Nuncquondo
377 4209 515 4298 pertico!
510 4227 539 4276 a
554 4210 724 4276 dumtaxat
749 4208 806 4274 itta
836 4206 898 4270 troi
916 4206 1028 4270 datum
1054 4209 1125 4281 est,
1142 4217 1215 4267 eam
1239 4201 1329 4266 omni
1356 4200 1479 4282 ιιιιιιοιι
1497 4219 1577 4269 eura
1603 4219 1643 4268 au
1666 4200 1786 4279 studio.

115 4309 299 4394 complecti
315 4331 374 4377 nos
385 4314 505 4396 decet,
519 4315 575 4400 ιιι
568 4333 600 4378 ιιι
618 4312 689 4394 ejus
705 4310 893 4376 adornanda
911 4305 1072 4385 editione,
1089 4304 1172 4368 nibil
1188 4321 1254 4370 non
1267 4321 1375 4386 operm
1388 4301 1606 4371 conseramus
1782 4370 1786 4377 ,

157 4409 287 4477 Veram
302 4413 358 4476 alii
373 4422 450 4480 sunt
460 4413 680 4494 ,ruerentque
695 4408 773 4478 olim
786 4427 852 4474 non
869 4405 986 4472 indocti
1003 4402 1118 4482 critici,
1134 4397 1308 4483 equorum
1324 4419 1462 4467 nunroro
1480 4402 1657 4471 Securius
1647 4421 1681 4468 ru
1696 4405 1775 4470 Pro·
1760 4437 1788 4495 οι

114 4513 301 4596 legumenis
316 4560 325 4594 ,
340 4515 396 4596 qui
414 4521 539 4580 tantum
555 4517 668 4592 abest,
685 4515 718 4575 ut
734 4511 895 4596 iacturam
912 4505 997 4570 banc
1012 4486 1166 4580 doleant,
1183 4501 1264 4582 quin
1290 4499 1398 4580 potius
1422 4502 1645 4584 contendant,
1660 4505 1770 4572 uultur

111 4617 222 4681 luisse
237 4617 319 4685 alius
339 4619 455 4699 prmter
467 4615 617 4682 laudatos
635 4613 736 4678 libros
753 4613 811 4678 abs
826 4609 1026 4687 Hieronymo
1041 4602 1081 4666 ad
1107 4602 1255 4665 Graecum
1277 4600 1472 4678 recognitos.
1490 4599 1549 4664 bru
1569 4604 1788 4685 multumque,

110 4719 281 4784 incertum
308 4719 423 4784 babuit
441 4722 474 4781 et
498 4717 723 4782 liertianaoum
740 4713 807 4778 broc
822 4709 993 4772 sententia.
1023 4703 1088 4766 Nos
1115 4718 1229 4765 eorum
1244 4700 1354 4764 omnia
1375 4707 1568 4782 argumenta
1597 4704 1679 4769 nibil
1706 4722 1777 4780 ruo·
1782 4768 1792 4795 ,Ι

110 4821 220 4883 menti
248 4821 391 4883 habere:
406 4819 738 4902 quinitaatqueuos
767 4813 949 4890 sentimus,
966 4809 998 4872 S
1017 4805 1125 4890 ipsum
1148 4803 1360 4885 lnterpretem
1388 4803 1585 4884 fidejubere,
1601 4789 1774 4872 contendi·
1782 4861 1787 4879 ,

112 4939 207 4984 mus.
223 4921 346 4995 diunt,
365 4919 481 4984 borum
511 4917 732 4984 tantummodo
761 4911 945 4978 librorum
938 4927 1044 4993 ipsum
1071 4906 1256 4972 meminisse
1273 4905 1429 4971 advorsus
1444 4907 1774 4986 aurnum,cum1n
1787 4986 1792 5004 .

112 5029 243 5106 terpret
249 5024 392 5088 ationem
411 5023 496 5087 hanc
512 5038 604 5086 suam
625 5014 721 5102 juxta
736 5015 827 5080 Lxx
842 5013 883 5078 ab
909 5010 978 5092 ejus
992 5006 1274 5074 criminationibus
1291 5011 1458 5071 tueretur:
1475 5026 1534 5072 nec
1558 5027 1669 5092 porro,
1686 5014 1789 5104 qued

111 5128 155 5190 de
173 5125 227 5188 lais
243 5123 262 5186 ι
264 5123 340 5204 ιιιι
358 5125 557 5190 mentionem
570 5121 610 5185 do
628 5123 701 5186 aliis
721 5117 840 5188 iecisse
847 5133 1003 5198 umquam
1019 5114 1053 5178 in
1072 5110 1315 5194 praelationibus
1328 5112 1367 5176 ad
1386 5113 1517 5178 eosdem
1534 5114 1635 5182 libros
1648 5135 1689 5181 ex
1707 5119 1786 5182 lle--

114 5229 235 5291 bemus
250 5223 392 5308 denique
405 5243 478 5292 cum
495 5271 504 5304 ,
521 5221 720 5306 deperditis
712 5220 790 5303 rpsis
808 5215 991 5283 Salomonis
1008 5219 1039 5280 et
1054 5211 1326 5294 Paralipomenon
1340 5229 1380 5274 ex
1395 5228 1434 5276 ea
1455 5215 1644 5281 recensione
1662 5217 1777 5298 libris,

114 5327 293 5409 supersint
319 5331 427 5389 tamen
458 5323 563 5388 ineos
591 5319 864 5403 praeiatiuneutm,
883 5315 1022 5378 aliorum
1045 5330 1087 5375 ne
1113 5309 1172 5375 has
1184 5309 1313 5391 quidem
1327 5330 1497 5393 superesse
1513 5361 1520 5387 ,
1537 5333 1597 5407 nec
1611 5335 1670 5380 eur
1686 5319 1787 5392 dulia

115 5425 254 5506 quarti,
271 5424 327 5506 ιιιιι
356 5425 434 5492 istas
462 5442 535 5487 cum
556 5421 785 5505 praelationum
803 5414 954 5498 congerie
971 5416 1162 5489 servarunt,
1181 5411 1263 5476 alias
1290 5415 1577 5496 pretermiserint,
1592 5418 1619 5480 si
1636 5419 1779 5491 exstitis-

117 5531 222 5602 sent,
238 5526 441 5590 commodam
457 5503 552 5606 posse
567 5539 698 5588 causum
713 5517 881 5604 pretendi.
899 5514 1050 5590 Addunt,
1067 5513 1187 5577 nemini
1203 5515 1402 5593 Scriptorum
1423 5523 1587 5596 veterum,
1604 5520 1686 5584 alios
1701 5539 1787 5589 um-.

116 5643 226 5710 qoam
243 5627 426 5692 innotuisse
444 5629 560 5708 pretor
574 5621 749 5697 laudatos3
773 5620 922 5682 sanetum
946 5632 1024 5680 reso
1048 5613 1268 5696 Augustianos
1284 5615 1377 5692 epist.
1400 5617 1482 5680 iuter
1505 5617 1779 5702 Hieronymianas

117 5725 289 5812 lob,qum
315 5725 355 5792 ad
380 5743 503 5792 annum
522 5727 647 5811 spectat
671 5717 1029 5802 quadringentesimum
1055 5715 1206 5811 tertium,
1222 5732 1295 5776 eum
1313 5714 1384 5779 lobi
1412 5718 1761 5816 interpretationem
1729 5743 1795 5813 ιι·

118 5829 251 5910 disset,
260 5835 434 5894 ἰιιιιιοιιιιι
454 5821 598 5893 luisses.
614 5811 745 5890 Ductori
760 5825 815 5902 ,ut
832 5816 1020 5888 universam
1034 5804 1217 5883 tersionem
1241 5813 1390 5885 Latinam
1403 5860 1412 5898 ,
1427 5815 1467 5885 ad
1493 5837 1569 5886 eum
1592 5807 1690 5905 plene
1711 5843 1782 5892 mo·

276 5925 556 5996 trecensuarii
1486 5919 1503 5982 ¹
1558 5986 1564 6004 ,-
