4017 6334
260 341 311 401 ott

766 338 797 398 S.
819 331 1013 398 intenditur
1032 337 1148 401 lallle
1168 335 1408 401 ntuttotnnct.

1851 349 1898 408 bib

295 455 736 531 tnlnnntarpra·dertosanorum,
748 457 1102 533 pudoretetoperinnturA
1149 459 1300 519 lmlnautnr
1317 463 1364 536 qui
1383 459 1531 521 detrabunt
1550 461 1634 535 milti,
1654 463 1831 522 reuerentiam
1849 484 1855 523 ι
1873 478 1898 526 ιι

259 560 327 615 sicut
339 554 458 626 diploide
472 555 626 629 tertiatione
638 571 696 611 sao.

1115 555 1274 626 operiamur
1289 555 1360 613 sicut
1370 556 1490 630 diploide
1502 557 1663 616 contusione
1674 573 1733 614 sua.

297 647 443 721 Confitebar
459 646 574 706 Donaiuo
594 649 670 704 triruir
686 647 713 705 in
733 663 778 705 ore
795 664 851 704 uteo
870 663 880 704 .·
899 656 922 706 et
936 647 963 704 iu
978 645 1062 706 teredio
1150 647 1306 705 Conlitebor
1319 649 1435 706 Domino
1450 649 1531 708 nimis
1547 651 1573 707 in
1588 665 1637 708 oro
1649 666 1710 707 aueo
1723 667 1730 705 ι
1743 649 1804 710 etiu
1817 653 1897 712 medio

261 744 403 799 nntltorsnu
417 741 529 798 landabo
544 757 613 797 curta.

1115 742 1262 799 multotum
1275 743 1391 800 laudabo
1404 760 1479 800 euru.

297 838 368 907 Quia
381 833 441 914 [bis.
454 836 508 910 pai]
522 837 604 893 ostitit
618 853 634 894 n
648 835 746 894 liminis
762 836 884 910 pauperis
899 853 908 892 .·
923 845 951 891 nt
962 835 1060 891 salumn
1149 833 1201 905 Qui
1221 835 1307 893 :astitit
1325 850 1340 892 a
1360 835 1463 894 dextris
1483 829 1609 910 pauperis
1625 855 1631 893 :
1650 847 1678 895 ut
1693 839 1792 896 saltant
1806 835 1898 898 laceret

259 931 357 1002 iaceret
371 929 609 1004 operteqaentlbns
621 931 736 986 animam
751 945 844 987 meent.

1114 925 1179 1003 [lis.
1195 925 1284 1000 iaciat]
1298 944 1313 986 a
1327 929 1679 1004 persequentibnsauimam
1693 947 1791 990 meam.

934 1041 1114 1107 t‘satubs
1136 1043 1218 1106 cix.

541 1165 659 1212 misistis
677 1162 768 1207 nsvin

231 1229 236 1236 ’
293 1247 368 1307 llicit
382 1246 512 1306 Dorulaus
532 1247 642 1303 Domino
654 1259 716 1312 ¹mco
730 1259 742 1300 .·
757 1241 826 1299 Sede
839 1257 857 1296 o
870 1240 968 1298 destris
982 1241 1054 1297 streis.

254 1348 265 1390 t
292 1341 383 1399 ὒιιαι
395 1356 491 1416 ponent
503 1339 622 1396 inimicos
640 1347 710 1408 tuos,
728 1335 869 1392 scabellum
887 1335 983 1406 pedam
998 1343 1056 1390 tuo·

254 1453 325 1494 rum,

231 1596 240 1604 .
295 1529 404 1602 Virpom
424 1527 527 1583 cirratis
546 1535 599 1583 trite
620 1531 633 1564 r
652 1523 750 1582 entittet
769 1521 899 1580 Dominus
915 1537 948 1578 ee
964 1520 1054 1578 Siata:

253 1623 389 1678 slontitture
402 1621 431 1676 iu
444 1619 530 1675 medio
545 1619 709 1674 inimieorum
723 1625 837 1672 ttrornm.

291 1718 388 1774 Tectam
406 1716 566 1789 principium
578 1713 607 1771 t'n
624 1713 667 1769 elie
679 1713 782 1768 cirratis
800 1721 852 1766 tare
865 1710 892 1766 in
907 1707 1054 1784 :pleniori-

257 1810 304 1866 bus
318 1818 481 1877 conteteram,
494 1823 525 1862 ea
538 1816 611 1862 atero
624 1812 682 1860 ante
694 1803 832 1877 inciperam
842 1803 917 1874 perani
930 1812 964 1859 te.

293 1901 397 1958 torreta
411 1901 548 1966 nonrrnrn,
563 1907 587 1954 et
601 1913 653 1953 uon
668 1895 799 1970 poersitebt't
812 1910 892 1950 earn:

1381 1143 1391 1188 t
1414 1163 1531 1208 estuans
1549 1164 1639 1208 namo.

1144 1239 1217 1298 bisit
1231 1239 1362 1299 Dominus
1376 1241 1490 1299 botuiuo
1502 1258 1563 1300 ratco
1578 1261 1584 1298 :
1597 1243 1668 1301 Sede
1679 1257 1695 1298 a
1706 1241 1808 1300 dextris
1817 1243 1894 1300 meis:

1143 1333 1235 1392 boum
1254 1349 1351 1408 ponam
1369 1335 1496 1395 inimicos
1520 1347 1602 1405 tuos,
1625 1337 1774 1395 scabellum
1797 1337 1890 1410 pedum

1121 1442 1230 1484 notram.

1145 1519 1253 1590 virgam
1277 1519 1384 1578 uirtutis
1404 1532 1459 1579 tuae
1479 1522 1586 1579 cutittcl
1607 1521 1738 1580 Dominus
1758 1536 1793 1580 ex
1812 1520 1893 1580 Sion:

1109 1619 1122 1660 8
1137 1619 1164 1668 et
1177 1611 1361 1670 dominaberis
1378 1614 1403 1670 iu
1421 1613 1512 1672 medio
1527 1613 1699 1672 inimicarum
1714 1625 1831 1671 tuntum.

1143 1705 1245 1763 'letum
1259 1707 1420 1779 principium
1436 1707 1462 1763 iu
1476 1707 1522 1766 die
1536 1707 1646 1764 tirtutis
1661 1718 1723 1782 tna,
1739 1708 1767 1764 ia
1779 1707 1894 1779 splendo-

1106 1799 1182 1857 tibus
1196 1809 1353 1857 sanctorum
1370 1818 1377 1856 :
1391 1817 1425 1858 ex
1440 1811 1521 1858 utero
1536 1809 1599 1858 srrte
1613 1801 1759 1858 lucilerum
1773 1802 1849 1874 genai
1861 1813 1892 1860 te.

1142 1893 1247 1950 iurauit
1261 1893 1401 1962 Dominus,
1414 1901 1440 1950 et
1453 1909 1507 1950 noa
1519 1893 1661 1967 paenitebit
1676 1910 1738 1952 eum
1754 1914 1760 1952 z

287 1991 505 2050 Transcendes
520 1991 547 2046 in
561 1999 686 2046 etnunnr
699 1987 841 2044 neonium
854 1987 971 2044 ordinem
984 1985 1051 2044 liei·
1066 1983 1090 2045 B
1138 1983 1178 2042 'ln
1203 1999 1234 2041 es
1255 1984 1383 2042 sacerdos
1406 1985 1432 2042 in
1455 1995 1588 2044 aternum
1610 1985 1761 2044 secundnm
1780 1987 1892 2046 ordinem

252 2085 399 2144 eltitedeeb.

1105 2075 1316 2134 Melchisedech.

287 2182 418 2255 boneium
440 2197 457 2235 o
475 2178 572 2236 dextris
589 2177 640 2234 tatia
659 2193 669 2232 .·
684 2175 814 2250 sortirepit
828 2174 856 2230 in
874 2175 917 2231 die
934 2174 982 2230 iste
999 2188 1055 2232 sarr
1142 2171 1308 2228 bontinnsa
1323 2171 1427 2231 dextris
1442 2173 1494 2231 tuis
1509 2190 1516 2229 ι
1531 2172 1665 2248 confregit
1684 2175 1712 2232 in
1726 2174 1771 2233 dic
1784 2176 1829 2232 itta
1842 2190 1892 2233 suc

251 2295 335 2353 repes.

285 2368 419 2425 indicabit
431 2367 459 2424 in
473 2363 630 2434 notionibus,
646 2361 763 2435 implebit
777 2359 840 2436 [uta
856 2359 983 2434 implerit]
997 2359 1053 2416 rai·

252 2479 301 2540 tanc
314 2477 323 2517 t
337 2458 519 2534 eorrpaossobit
533 2456 620 2524 enolto
631 2457 659 2513 in
672 2465 743 2512 terro
752 2456 905 2510 rttnltorstm.

248 2581 256 2614 ι
285 2556 327 2613 lie
337 2565 448 2612 torrente
461 2553 488 2610 itt
501 2553 543 2608 oio
556 2550 623 2607 bibet
636 2565 645 2607 :
656 2558 793 2622 propterea
806 2546 929 2605 recitabit
940 2552 1030 2615 eopttt.

1105 2279 1196 2337 reges.
1241 2305 1246 2312 -

1139 2357 1275 2415 lanterna
1288 2358 1495 2430 lunationibus,
1507 2361 1631 2434 implebit
1642 2363 1737 2420 ruinas
1749 2378 1757 2422 t
1769 2375 1892 2435 conquas·

1103 2449 1174 2506 sabit
1186 2450 1275 2522 capita
1290 2451 1375 2508 multa
1389 2453 1421 2508 in
1433 2462 1506 2510 terra
1518 2454 1640 2522 copiosa.

1139 2545 1177 2603 be
1190 2553 1313 2604 torreutc
1324 2545 1351 2603 iu
1365 2547 1406 2604 tia
1415 2547 1800 2622 bibet:proptercaesababit
1809 2557 1891 2622 eaput.

934 2639 1119 2704 osnttttts
1140 2639 1207 2707 CX.

557 2747 572 2790 ¹³
585 2755 730 2807 strettun.

1156 2757 1306 2813 tenetote,
1322 2739 1335 2782 ¹¹
1353 2759 1525 2804 metensium
1543 2763 1629 2806 ΔΕΜ]
1648 2763 1681 2806 ΕΤ
1696 2763 1843 2808 leilblllrE.

284 2847 382 2921 bleplt.
403 2843 551 2917 cnofitebor
570 2857 600 2899 4
623 2842 668 2897 tibi
686 2842 697 2912 ζ
718 2837 847 2924 bomine,
863 2838 891 2893 iu
906 2835 1052 2893 totocorde
1137 2835 1232 2907 rllepb.
1258 2837 1415 2894 Conlltcbar
1435 2838 1503 2907 tibi,
1529 2839 1663 2909 Dauniae,
1688 2843 1714 2899 iu
1740 2851 1796 2899 totu
1816 2841 1890 2898 torale

250 2955 282 2999 ⁴.-
303 2951 315 2982 ·
336 2957 390 2996 uteo
406 2922 512 3010 §Belin
534 2936 563 2991 in
583 2933 692 2991 consilio
708 2933 843 3005 jastorttn'r
863 2940 888 2987 et
907 2943 1050 3001 testerepo-

247 3045 381 3190 mglmel.
397 3127 495 3204 blapno
518 3139 597 3200 opero
612 3121 718 3180 dotttlni
733 3138 743 3178 :
759 3119 866 3179 baloth.
881 3117 1009 3191 erprrtrnn
1020 3117 1047 3172 iu

249 3243 337 3283 ontuea
352 3222 496 3282 noluntates
509 3227 578 3298 ejas.

285 3311 484 3390 stadonense
503 3325 527 3371 et
546 3311 738 3387 oropuiiieentin
750 3325 815 3385 opus
833 3310 890 3381 sios
911 3323 921 3364 :
941 3307 1008 3365 lat.
1024 3317 1049 3362 et

243 3409 351 3484 justitio
364 3411 422 3483 ιιίιι
436 3413 523 3462 monet
541 3405 571 3462 in
582 3405 708 3462 sessione
722 3408 754 3472 >ri
764 3398 879 3459 tttcsolil
894 3403 917 3473 ζ.

282 3501 358 3558 Zaiu.
380 3499 535 3556 lienteriam
554 3498 617 3570 [ecit
636 3495 798 3552 attirobilitsus
816 3510 925 3551 ssorum
939 3509 949 3548 .·
965 3491 1047 3550 ilcila.

246 3593 394 3649 misericors
413 3600 438 3648 et
456 3591 593 3647 attinentur
609 3585 738 3647 dominns
755 3601 767 3644 ι
784 3586 864 3645 Tetb.
878 3586 1049 3642 ostendedit

247 3685 395 3742 abscentibus
406 3699 443 3741 te.

280 3777 342 3834 lad.
358 3775 459 3832 Memor
472 3774 521 3832 erit
535 3776 562 3831 in
574 3776 699 3832 scottiam
714 3775 861 3831 interemti
876 3774 919 3831 sati
934 3771 1044 3844 :Caplu

246 3871 364 3928 alrtolem
377 3887 482 3942 opernm
498 3885 607 3927 saornnt
617 3869 781 3926 annuntiabit
794 3869 892 3944 populo
905 3885 963 3926 sato.

192 3989 198 3998 ·
281 3961 443 4021 transulit
465 3963 508 4017 det
522 3963 576 4018 illis
598 3961 775 4018 nereditatem
798 3963 938 4032 perreium:
962 3959 1045 4017 blena.

247 4071 326 4128 opero
341 4072 466 4111 oretanum
479 4057 535 4129 ejus
548 4055 641 4110 veritas
656 4065 679 4110 et
688 4055 828 4128 judiciam.

280 4150 356 4210 ilua.
374 4149 477 4207 i'r'iettn
489 4149 576 4205 omnin
585 4149 711 4203 mundato
726 4149 802 4218 ejas:
817 4149 946 4206 Samcclt.
960 4158 971 4188 ⁸
984 4165 1047 4204 con·

249 4246 354 4317 firructn
367 4245 395 4299 in
404 4243 531 4299 snctrlnns
539 4243 628 4299 rectit
639 4259 648 4297 :
660 4243 722 4299 bin.
736 4243 807 4316 socio
819 4243 847 4300 in
860 4243 967 4300 scritate
978 4253 1002 4300 ct
1014 4259 1049 4300 tc-

250 4337 358 4408 pariente.

284 4428 350 4487 l'ltc.
368 4427 581 4499 lledemptimem
600 4426 671 4483 misit
689 4424 787 4499 populo
800 4443 859 4484 sno.
874 4427 954 4485 Sede.
972 4445 1045 4483 stanta-

250 4521 320 4577 doerit
334 4523 362 4577 lu
373 4530 497 4577 oeternum
511 4527 690 4576 testamentum
702 4535 791 4578 attam.
869 4552 873 4560 ·

284 4613 371 4688 Cnpb.
384 4615 510 4672 Sonetorn
525 4621 548 4668 et
567 4613 680 4670 terribile
700 4631 794 4672 rtonteu
814 4616 871 4690 ejas
886 4628 895 4672 .·
911 4612 975 4672 ileo.
996 4601 1048 4671 ini·

248 4713 314 4768 tiam
326 4709 461 4781 sapientire
474 4706 552 4763 timor
564 4703 685 4766 Dentiui.

285 4855 300 4884 ²
310 4841 530 4914 impositionem
539 4839 614 4897 verbi
624 4840 721 4897 emittet
732 4841 766 4898 dc
776 4856 852 4898 more
862 4841 980 4899 Palatia.
993 4857 1045 4900 urs.

249 4917 330 4974 oltelo
350 4922 484 4987 prouocat
498 4928 506 4966 t
520 4911 595 4966 addit
610 4924 637 4966 et
649 4911 806 4985 Diopsolruo
818 4914 845 4970 in
858 4915 911 4970 linc
927 4925 983 4970 tum
997 4916 1047 4968 lau·

246 4990 304 5061 jus,
318 5003 379 5044 cam
394 4983 585 5054 substernentis
598 4984 737 5040 tersicuti.

1102 2943 1164 2987 tneo
1185 2947 1192 2986 ι
1208 2927 1284 2986 lietlr.
1302 2932 1329 2988 in
1346 2931 1463 2988 consilio
1477 2932 1660 3004 insterneret
1678 2935 1888 3010 congregatione,

1101 3021 1195 3078 Giruel.
1208 3038 1303 3096 magua
1315 3039 1397 3095 opera
1410 3024 1527 3084 boutiul.

1135 3113 1242 3171 linietis.
1268 3115 1409 3188 Exquisita
1433 3117 1460 3174 in
1476 3131 1571 3175 otuues
1590 3121 1747 3178 voluntates
1762 3122 1829 3194 eiras,
1843 3119 1888 3176 ile.
1988 3155 1989 3165 a

1100 3207 1238 3294 confessio
1257 3218 1284 3266 et
1302 3212 1503 3282 tnagnibccutia
1516 3229 1585 3286 opus
1600 3215 1681 3286 ciue:
1704 3215 1769 3274 i’oe.
1783 3225 1809 3274 et
1820 3215 1890 3288 prasti-

1102 3305 1138 3360 tia
1154 3302 1213 3373 ejus
1229 3312 1319 3359 munet
1335 3304 1361 3359 iu
1381 3305 1510 3362 socrdem
1530 3309 1640 3372 ιιιιιιΙΙ.Ι

1136 3395 1215 3452 Zaira.
1232 3397 1391 3456 Memoriam
1406 3397 1470 3456 lecit
1484 3401 1648 3457 mirabilium
1664 3417 1776 3462 satarum
1792 3417 1799 3462 t
1816 3402 1847 3458 lb
1855 3406 1887 3458 ti.

1101 3490 1259 3547 misericors
1272 3500 1300 3548 ct
1311 3489 1456 3549 miserator
1467 3490 1598 3550 limitas
1612 3511 1619 3550 ι
1636 3493 1711 3552 lieet.
1725 3510 1813 3554 escam
1824 3496 1890 3552 dedit

1103 3583 1260 3640 timentibus
1275 3597 1316 3642 sc.

1061 3681 1084 3746 c
1135 3675 1198 3733 lori.
1211 3677 1313 3736 beatos
1326 3677 1377 3736 erit
1391 3679 1418 3735 iu
1431 3680 1560 3738 socculum
1570 3684 1726 3742 testamenti
1738 3685 1780 3742 stri
1792 3699 1800 3742 t
1811 3682 1887 3756 Capi.

1099 3769 1229 3827 ursatum
1251 3785 1365 3844 operum
1389 3788 1501 3829 suorum
1522 3776 1696 3834 arrntrutiatit
1715 3778 1814 3852 populo
1833 3791 1887 3844 suo,

1101 3863 1209 3920 Lnnreci.
1225 3873 1254 3920 nt
1266 3864 1314 3920 dcl
1327 3865 1381 3920 illis
1398 3863 1585 3924 irrorabantur
1599 3871 1734 3942 gentium.

1137 3955 1217 4012 lleue.
1241 3955 1330 4028 lipom
1353 3973 1482 4014 maantam
1503 3961 1563 4030 cius
1582 3966 1683 4018 raritas
1698 3974 1728 4020 et
1748 3961 1887 4036 judicium:
1981 3979 1982 3993 ι

1104 4047 1178 4105 lion.
1194 4047 1284 4104 iidelia
1298 4049 1389 4106 omnia
1407 4050 1534 4106 artaatlata
1556 4057 1636 4123 eiras:
1657 4055 1778 4112 Sorrresb.
1797 4055 1889 4111 couiir-

1101 4151 1172 4198 mata
1195 4142 1222 4198 in
1235 4141 1365 4199 sacculum
1387 4143 1480 4200 saculi
1497 4160 1505 4200 t
1520 4145 1582 4212 diu,
1599 4147 1667 4202 laeta
1682 4147 1709 4204 io
1730 4149 1851 4212 veritate,
1864 4151 1888 4200 ct

1103 4233 1241 4307 mussitate.

1137 4330 1204 4386 Pin.
1218 4329 1442 4403 Redemptioncm
1455 4332 1532 4388 misit
1546 4333 1646 4408 populu
1664 4349 1716 4392 sua
1734 4333 1888 4394 Sadenon·

1100 4423 1175 4482 dartit
1197 4423 1223 4480 iu
1244 4431 1379 4481 aeteruum
1401 4433 1595 4484 testamentum
1618 4445 1697 4486 snum
1712 4447 1720 4489 :
1737 4431 1816 4505 Capi.
1831 4445 1890 4486 sart·

1101 4529 1174 4578 etum
1189 4531 1216 4577 ct
1229 4520 1350 4578 terribile
1364 4537 1464 4580 nomen
1479 4523 1550 4595 ejus.

1136 4614 1198 4670 lies.
1216 4613 1323 4670 initium
1339 4617 1478 4686 sapientiae
1497 4616 1579 4676 timor
1593 4613 1723 4678 Dantilti:
1740 4621 1799 4680 Sin.
1815 4617 1887 4676 initl-

1102 4709 1188 4766 lectus
1201 4708 1287 4766 bouus
1300 4709 1428 4766 omnibns
1449 4711 1610 4769 laeieaatibus
1621 4730 1663 4774 ca.

1101 4841 1129 4896 in
1148 4839 1285 4914 splendore
1299 4847 1446 4895 sermonum
1463 4857 1472 4896 :
1487 4857 1519 4898 et
1539 4853 1611 4903 tolero
1625 4855 1686 4902 orale
1699 4845 1835 4919 lanciferum
1849 4861 1888 4918 pt·

1100 4913 1187 4966 terrani
1208 4922 1241 4965 te.
1258 4911 1327 4966 Tum
1339 4912 1394 4966 tlnn
1414 4913 1555 4982 interjectu
1571 4931 1661 4978 mrsu.
1676 4920 1848 4989 corrpumsnrit
1862 4921 1885 4971 iu

1099 4985 1253 5040 dietrtcaurr
1263 4997 1344 5054 tepea.
1354 4981 1486 5038 ladilncit
1501 4985 1527 5040 in
1542 4989 1658 5058 pentilus
1668 4991 1773 5063 replebit
1784 4992 1886 5045 retium:

282 5059 297 5100 b
316 5059 460 5116 Gentianus
480 5055 563 5110 babet
582 5054 653 5110 idem
674 5073 726 5112 nrt.
749 5055 873 5119 Alleluia.
889 5072 940 5127 pro
956 5055 1044 5112 titulo.
1063 5055 1275 5126 ncortonnssotu't
1289 5055 1375 5124 cupita
1389 5071 1465 5127 supra·
1478 5067 1572 5111 terrum
1587 5061 1669 5115 sirtille
1683 5078 1693 5118 .·
1708 5065 1734 5116 iu
1750 5065 1810 5126 litte.
1824 5077 1888 5115 ran·

246 5130 340 5202 Nostrae
354 5143 437 5199 porro
451 5125 583 5183 liebraica
598 5124 733 5182 elementa
745 5129 986 5199 ver-situraprabgit
999 5145 1006 5180 a
1020 5138 1046 5184 et
1102 5131 1174 5190 tatii,
1188 5140 1238 5196 pro
1256 5124 1378 5181 rserltulrit
1397 5135 1483 5200 septu.
1501 5125 1567 5186 Fere
1580 5133 1753 5190 continenter
1766 5149 1824 5190 curu
1839 5137 1886 5186 bu-

247 5199 1046 5344 ‘¹⁸¹2'itt‘bilbilimtibitibi„inm

244 5341 513 5540 :lietwinum
524 5426 576 5471 tos.
585 5411 747 5472 sincobelo:
759 5411 836 5471 addit
847 5422 939 5471 autern
950 5411 985 5470 de
995 5429 1046 5470 suo

272 5499 351 5611 Ι(ἔρῖἕι
357 5500 438 5612 'linurin
448 5556 588 5614 Palatinus
602 5572 654 5614 ms.
670 5557 894 5629 propositionem
906 5574 955 5613 con
965 5558 1045 5629 juger·

243 5625 408 5757 lmbglgppittit
417 5628 535 5702 teroqai
548 5635 688 5701 postremo
700 5630 815 5688 babetur
822 5631 852 5688 iu
867 5633 922 5687 tine
930 5628 1042 5698 Psalmi,

243 5713 262 5757 ⁰
281 5769 291 5808 ¹
307 5767 337 5826 lu
353 5737 501 5828 lbtoncusi
518 5783 573 5828 ars.
586 5779 616 5828 et
627 5783 711 5845 pones
726 5773 872 5844 instrutio.
889 5767 947 5845 Ipsi
959 5769 1043 5828 butiri

240 5833 375 5898 Psnlnrus.
393 5843 415 5898 b
435 5843 518 5899 tertio
536 5853 627 5900 antem
649 5859 730 5899 uersu
748 5861 813 5912 ms„
828 5853 853 5900 et
868 5841 1042 5898 dorrainnbitur

248 5925 266 5968 n
280 5913 366 5989 nedip
384 5911 549 5976 inimieorum
559 5929 677 5974 morant.
689 5913 788 6001 derum
800 5912 972 5989 principium,
986 5921 1040 5975 ete.

1100 5199 1219 5270 prastino.

1137 5279 1149 5317 i
1169 5269 1215 5325 Sic
1236 5267 1327 5339 legunt
1344 5283 1410 5325 mss.
1428 5267 1605 5328 Caratateusit
1620 5283 1646 5330 ct
1662 5273 1845 5331 Sorbouieus:
1860 5279 1881 5324 et

1100 5355 1208 5414 natoque
1231 5343 1387 5411 cunjunctio
1410 5341 1548 5414 legebatur
1572 5361 1588 5400 a
1610 5347 1713 5402 Sarmia
1728 5359 1755 5404 et
1775 5342 1883 5404 merit

1099 5429 1180 5484 eptam
1193 5420 1282 5468 tanuen
1298 5411 1520 5481 superabundare
1533 5417 1612 5472 dot-ot
1629 5419 1826 5490 llierunymas,
1840 5429 1885 5472 uec

1100 5483 1127 5541 iu
1141 5483 1267 5550 lieltra‘o,
1282 5497 1332 5538 tace
1346 5485 1417 5554 apnd
1434 5485 1504 5541 Lxx
1518 5489 1641 5554 reperiri.
1659 5489 1746 5546 llam.

1136 5551 1150 5594 ¹¹
1171 5555 1269 5612 lstbmc
1281 5553 1374 5622 rerba,
1391 5555 1552 5614 lleeersionis
1566 5557 1656 5632 riperti
1667 5573 1691 5616 et
1705 5556 1846 5629 eremite,
1860 5555 1883 5610 iu

1100 5625 1250 5683 Veronensi
1271 5639 1323 5680 ms.
1338 5625 1537 5684 desiderarunt.
1555 5629 1583 5686 ln
1598 5636 1687 5688 texitis
1701 5633 1788 5688 altera
1802 5645 1882 5690 torst,

1097 5697 1353 5768 llortorntnlegitur‚
1363 5713 1411 5767 pru
1418 5699 1552 5770 presterum
1578 5699 1610 5756 Et
1626 5703 1658 5756 ml
1674 5702 1746 5774 Capit
1764 5703 1883 5762 litteram,

1095 5769 1275 5898 {prtltrrdluem
1294 5783 1400 5840 opattam
1422 5787 1528 5825 retornus
1602 5775 1719 5842 artriiubit,
1731 5785 1800 5840 ett.;
1813 5779 1837 5826 ot
1856 5771 1884 5822 :al

1112 5841 1178 5906 ἀπ,
1202 5839 1354 5922 fidelissima
1370 5855 1419 5910 pto
1439 5841 1538 5912 pelolio.
1557 5843 1676 5916 lienique
1689 5845 1716 5900 in
1733 5847 1794 5909 bare,
1813 5839 1885 5896 latei·

1096 5909 1176 5970 lectur
1190 5907 1274 5968 ionas
1287 5911 1439 5983 lenteamine
1452 5925 1493 5972 eo.
1510 5913 1580 5972 baut
1592 5915 1816 5990 enarrationem.
