4017 6334
276 340 329 402 stt
784 339 816 399 S.
835 335 1030 400 utuuontut
1048 336 1165 397 utvtrln
1183 333 1424 394 stublonnuce.
1852 337 1896 397 888

275 472 1892 538 Η

569 655 642 772 e.
680 615 1039 775 museum
1075 655 1637 807 mammonam,

814 851 1103 916 sunlbonuusls
1124 853 1385 931 PRESBYTERI,

405 1021 884 1188 uturum
922 1019 1794 1256 urnuro'rumcm

731 1311 992 1442 PARS
1050 1311 1466 1464 TERTIA,

791 1522 1017 1579 coerceamus
1032 1523 1145 1579 nouuu
1161 1483 1412 1578 unsrnurnruu.

678 1810 896 1922 onuo
960 1805 1520 1948 nrusromcum

353 1965 464 2109 lnpao
479 2029 553 2086 snnt
567 2043 577 2085 :
591 2021 690 2086 Astus
704 2011 943 2098 Apostolorum,
962 2006 1121 2090 Epistola
1137 2006 1242 2084 Pauli,
1259 2009 1418 2094 Epistola
1431 2014 1612 2096 cononica,
1626 2016 1836 2101 Apocolppsis.

984 2142 1231 2160 *u-

990 2257 1211 2346 INCIPIT

281 2445 580 2593 LIBER
641 2431 982 2584 ACTUU
946 2429 1066 2577 litt
1128 2429 1985 2610 nPOSTOLORUM

745 2660 828 2719 tussa
840 2659 982 2733 Exemplar
1000 2657 1154 2716 Vaticanum
1168 2677 1271 2721 summa
1286 2666 1339 2738 titio
1355 2669 1450 2728 editus.

980 2807 1220 2824 m

310 2955 386 3029 [cop.
402 2951 436 3028 l.]
455 2951 577 3009 Primum
587 2947 696 3021 quidem
707 2958 865 3003 sermonem
879 2941 933 2999 leci
944 2940 980 2999 de
990 2938 1075 2997 omni·
1087 2938 1115 3004 A
1127 2949 1205 2998 erant
1217 2957 1428 3018 perseverantes
1443 2951 1644 3010 eruanimiterin
1660 2954 1846 3012 orationacum
1859 2967 1907 3008 mu·

275 3048 339 3116 bns,
362 3043 562 3117 oTbeopbile,
576 3057 637 3112 qua
659 3039 745 3112 coepit
757 3038 838 3096 lesus
859 3036 963 3103 lacere,
983 3042 1010 3090 et
1023 3031 1078 3098 :do-
1127 3035 1251 3106 lieribus,
1274 3049 1302 3098 et
1324 3042 1409 3100 biario
1426 3054 1514 3104 matre
1528 3047 1604 3118 lesu,
1623 3057 1654 3106 et
1672 3049 1797 3108 iratribus
1809 3049 1869 3121 eius.
1884 3047 1906 3103 ln
1984 3103 1985 3120 2

276 3159 351 3213 mere,
374 3155 462 3212 nsque
482 3139 511 3196 iu
526 3139 608 3205 diem,
626 3151 681 3202 aaa
697 3133 861 3207 praecipiens
875 3129 1008 3202 apostolis
1028 3143 1077 3200 per
1129 3129 1224 3187 diebus
1235 3131 1291 3189 illis
1301 3148 1453 3210 exsurgens
1461 3137 1560 3198 Petrus
1576 3142 1603 3198 in
1625 3142 1718 3199 medio
1730 3142 1836 3199 lretrum
1850 3139 1906 3195 linit

274 3236 408 3310 Spiritum
421 3241 558 3302 sanetum,
572 3244 642 3302 quos
654 3228 747 3300 clepit,
765 3234 922 3299 assumptus
935 3232 978 3281 est
993 3241 1000 3278 ι
1017 3221 1078 3294 qui·
1129 3220 1200 3294 (erat
1216 3232 1308 3284 autern
1325 3229 1404 3286 turba
1419 3231 1560 3290 bominum
1573 3235 1667 3304 simul,
1688 3235 1746 3293 lere
1762 3246 1862 3292 eentum
1874 3232 1906 3288 ri·
1984 3221 1985 3298 ξ

274 3327 329 3385 bus
343 3336 371 3384 et
385 3324 499 3396 prebuit
512 3321 634 3394 seipsum
650 3320 740 3378 risum
753 3326 818 3391 post
829 3319 986 3389 passionem
1000 3328 1076 3371 suom
1129 3315 1209 3390 pinu)
1226 3337 1232 3374 :
1247 3320 1305 3379 Viri
1336 3323 1453 3397 tratres,
1482 3336 1592 3400 oportet
1625 3329 1734 3402 impleri
1761 3329 1906 3401 scripturam
1984 3315 1985 3392 l

274 3420 304 3476 iu
317 3418 410 3475 multis
423 3415 602 3489 argumentis,
614 3429 664 3487 per
674 3413 734 3471 dien
745 3411 923 3485 quadrapima
937 3422 1077 3481 apparens
1128 3423 1210 3480 quoru
1232 3413 1360 3483 praedixit
1381 3415 1500 3488 SpIritus
1523 3430 1635 3477 sanctus
1657 3438 1706 3494 per
1732 3436 1764 3496 os
1785 3419 1862 3478 Dauid
1878 3417 1906 3476 tle
1984 3401 1985 3490 I

280 3511 332 3581 eis,
344 3517 372 3568 et
381 3512 495 3582 loquens
506 3508 541 3566 de
550 3505 702 3580 regnoDei
713 3505 937 3569 Eteonneseens,
948 3498 1077 3573 praecepit
1126 3497 1195 3557 luda
1204 3505 1273 3574 qui
1287 3504 1407 3565 luitdux
1430 3525 1527 3568 eorum
1537 3512 1584 3585 qui
1601 3513 1862 3586 comprehenderunt
1873 3511 1910 3568 le·
1984 3501 1985 3592 l

280 3604 322 3662 eis
341 3604 376 3661 ab
399 3601 576 3675 lerosolymis
601 3615 635 3657 ue
655 3598 841 3665 abcederent,
865 3594 912 3652 sed
932 3600 1077 3664 exspecta·
1127 3607 1212 3652 snum:
1227 3597 1273 3669 qui
1294 3613 1509 3661 connumeratus
1521 3614 1582 3664 erat
1601 3607 1628 3663 in
1652 3608 1745 3675 nobis,
1764 3616 1792 3667 et
1811 3607 1907 3664 sortitus
1984 3597 1985 3660 l

273 3708 339 3758 rent
361 3699 572 3770 promissionem
593 3694 694 3762 Patris,
719 3707 802 3766 quam
826 3689 938 3746 audistis
961 3685 1076 3760 (inquit)
1129 3697 1289 3749 estsortem
1312 3696 1457 3754 ministerii
1472 3697 1564 3772 hujus.
1579 3700 1614 3757 Et
1627 3699 1674 3759 lne
1686 3701 1795 3775 quodem
1805 3697 1909 3774 possem
1984 3711 1985 3770 ι

274 3807 326 3865 per
336 3806 368 3849 os
380 3806 493 3848 meum:
507 3789 570 3862 quia
582 3788 704 3845 loannes
714 3785 825 3858 quidem
835 3783 983 3854 baptizarit
993 3796 1074 3853 aqua,
1128 3795 1223 3854 aarum
1246 3785 1281 3843 de
1295 3789 1442 3847 mercede
1436 3791 1599 3864 opimitatis,
1615 3803 1643 3851 et
1656 3809 1807 3872 suspensus
1820 3789 1910 3863 crepuit

272 3899 322 3942 uas
342 3892 433 3941 entem
455 3879 663 3952 baptizabimini
687 3877 791 3949 Spiritu
812 3885 909 3933 sancto
932 3889 986 3931 non
1012 3880 1075 3945 post
1129 3878 1257 3936 medius:
1273 3881 1488 3942 ctdinosasunt
1506 3887 1597 3943 omnia
1611 3887 1720 3946 viscera
1739 3889 1807 3961 ejus.
1824 3887 1855 3944 Et
1871 3898 1910 3940 no

272 3980 378 4038 multos
391 3978 442 4036 boe
455 3977 525 4035 dies.
541 3976 625 4049 Igitur
635 3974 681 4048 qui
700 3980 898 4042 couvenerant,
920 3968 1077 4041 interroga·
1129 3978 1185 4029 ιιιιιι
1203 3970 1303 4030 laetum
1317 3984 1361 4034 est
1375 3976 1502 4036 omnibus
1515 3979 1707 4040 habitantibus
1717 3981 1870 4045 Jerusalem,
1880 3977 1910 4032 ita

273 4073 341 4131 baut
353 4088 427 4139 eum,
442 4069 584 4128 dieentes:
599 4069 726 4135 Domine,
740 4065 764 4122 si
779 4067 807 4122 in
822 4073 947 4135 tempore
960 4063 1073 4128 boore·
1127 4069 1159 4121 ut
1171 4065 1357 4136 appellaretur
1369 4084 1433 4143 aper
1448 4070 1507 4139 ille,
1522 4073 1613 4146 lingua
1628 4089 1736 4144 eorum,
1751 4071 1908 4134 liaoeldamt,

272 4165 371 4222 stitues
394 4177 510 4234 regnum
530 4160 636 4218 lsrcctt
659 4159 734 4217 Dixit
758 4166 849 4214 autem
874 4154 1006 4213 ctsztton
1033 4161 1077 4212 est
1128 4159 1322 4235 ncccstmgcr
1341 4166 1495 4238 sanguinis.
1517 4167 1657 4238 Scriptum
1673 4179 1716 4227 css
1730 4163 1908 4226 enimtntibro

273 4265 398 4312 uestrum
409 4267 492 4310 nosse
507 4261 631 4322 tempora
642 4250 687 4308 rel
697 4258 847 4318 momenta,
861 4263 923 4319 ortae
933 4246 1016 4303 Pater
1026 4261 1075 4318 pu·
1122 4247 1298 4336 ¹l‘salntnrum
1319 4255 1400 4313 :Fiat
1422 4260 1605 4317 commoratio
1628 4275 1725 4319 eorum
1748 4260 1863 4324 deserta,
1887 4263 1909 4309 ct
1984 4249 1985 4320 ἶ

274 4351 330 4408 suit
343 4349 371 4404 iu
382 4364 429 4404 sua
443 4355 581 4420 potestate
595 4363 603 4407 2
620 4345 669 4403 sed
682 4343 822 4417 accipietis
833 4343 967 4400 virtutem
979 4357 1075 4416 super·
1090 4329 1114 4392 B
1127 4356 1183 4399 nou
1194 4342 1229 4400 sit
1239 4346 1284 4417 qui
1300 4346 1474 4406 inhabitatio
1489 4366 1522 4408 ea
1543 4369 1549 4406 :
1566 4361 1594 4409 et
1607 4354 1792 4424 episcopatum
1807 4351 1861 4421 eius
1873 4359 1910 4402 ac·
1984 4333 1985 4408 f

275 4443 413 4502 venientis
425 4441 544 4515 Spiritus
558 4441 646 4498 saneti
661 4440 689 4497 io
703 4454 763 4509 nos,
778 4438 895 4496 eteritis
908 4436 978 4494 mibi
992 4447 1076 4494 testes
1128 4437 1211 4509 cipiat
1226 4439 1306 4498 alter.
1321 4441 1434 4517 Oportet
1448 4458 1515 4519 ergo
1528 4461 1562 4504 ex
1576 4445 1619 4503 bis
1635 4447 1713 4516 uiris,
1726 4445 1771 4519 qui
1782 4443 1907 4501 nobiseum
1984 4441 1985 4518 J

275 4537 304 4596 in
323 4537 488 4608 Jerusalem,
507 4543 537 4594 et
560 4536 588 4593 in
609 4533 687 4592 omni
706 4532 812 4604 tucca,
838 4539 867 4588 et
892 4530 1028 4598 Samaria,
1050 4538 1077 4588 et
1128 4538 1192 4590 sunt
1213 4537 1369 4608 congregati
1387 4537 1417 4596 in
1435 4542 1509 4596 omni
1529 4548 1662 4613 tempore,
1685 4555 1740 4614 quo
1754 4536 1867 4604 intrarit,
1885 4540 1908 4590 tt
1984 4539 1985 4596 ζ

276 4647 363 4706 usque
376 4632 411 4690 ad
430 4632 558 4689 ultimum
579 4639 671 4688 terrae.
691 4627 804 4686 Etcum
821 4627 1020 4696 occurrisset,
1036 4625 1078 4681 ri·
1128 4623 1214 4681 exirit
1228 4627 1299 4684 iuter
1323 4644 1375 4686 nos
1393 4630 1523 4688 Dominus
1537 4633 1629 4703 lesus,
1649 4631 1785 4703 incipiens
1803 4625 1906 4697 abspti·
1984 4603 1985 4664 ἶ

274 4725 406 4785 dentibus
419 4725 485 4792 illis,
503 4724 629 4782 elevatus
642 4730 685 4781 est
701 4741 708 4777 :
723 4730 751 4779 et
765 4721 854 4778 nubes
869 4721 990 4792 suscepit
1013 4735 1077 4778 eunt
1128 4725 1216 4775 emate
1228 4717 1343 4777 loannis
1365 4721 1492 4794 usquein
1512 4724 1585 4782 diem
1603 4740 1656 4796 qua
1678 4731 1830 4795 assumptus
1843 4726 1906 4776 esta
1984 4753 1985 4796 ι

271 4819 308 4876 ab
322 4818 411 4876 oeulis
435 4831 541 4874 eorum.
569 4815 694 4888 Cumque
719 4815 895 4873 Intuerentur
919 4815 947 4871 in
973 4814 1074 4872 eaelum
1133 4809 1225 4879 nubis,
1250 4819 1347 4869 testem
1377 4815 1587 4873 resurrectionis
1614 4815 1674 4888 eius
1700 4815 1838 4872 nobiscum
1862 4807 1910 4866 leri

276 4919 388 4968 euntem
403 4909 489 4978 illum,
505 4922 571 4965 ecce
585 4907 641 4964 duo
653 4907 706 4964 riri
721 4907 866 4965 astiterunt
877 4907 956 4979 iuxta
969 4907 1035 4963 illos
1050 4906 1077 4964 in
1129 4916 1214 4957 ιιιιιιιιι
1225 4917 1258 4960 ex
1278 4905 1348 4962 istis.
1367 4905 1400 4962 Et
1420 4915 1581 4965 statuerunt
1595 4908 1677 4978 duos,
1691 4908 1804 4980 losepb,
1821 4906 1861 4979 qui
1872 4918 1910 4958 ιο·
1984 4899 1985 4974 l

277 5002 400 5060 restibus
414 5001 495 5070 albis,
519 4999 567 5072 qui
581 5008 609 5057 et
631 4998 762 5058 dixerunt
780 5017 788 5056 z
804 4999 863 5057 Viri
878 4999 996 5068 Galilaei,
1011 4998 1075 5071 quid
1128 4994 1241 5052 sabatur
1258 4997 1404 5068 Barrabas,
1424 5001 1471 5074 qui
1486 5003 1696 5074 sepenominatus
1718 5012 1760 5060 est
1776 5001 1873 5066 lustus,
1885 5005 1908 5054 et

275 5098 356 5156 statis
378 5097 543 5170 aspicientes
557 5096 585 5152 in
602 5094 723 5153 coeluml
740 5095 786 5152 bie
799 5095 890 5165 lesus,
906 5095 952 5168 qui
968 5107 1074 5150 assum-
1126 5085 1277 5149 Ilattlriam.
1303 5093 1337 5150 Et
1357 5105 1468 5154 orontes
1488 5096 1616 5154 dixerunt
1630 5096 1700 5166 :Tu,
1725 5096 1846 5164 Domine,
1869 5090 1907 5162 oui
1984 5089 1985 5154 i

275 5203 339 5266 ptus
356 5201 426 5250 esta
440 5191 518 5249 nobis
538 5191 566 5246 iu
589 5189 701 5258 coelum,
726 5190 767 5246 sie
779 5189 882 5255 reniet,
897 5186 1076 5260 quemodmo-
1126 5181 1209 5240 eorda
1223 5185 1294 5247 nosti
1313 5187 1444 5255 omnium,
1462 5189 1586 5260 ostende,
1603 5205 1684 5262 quern
1697 5188 1812 5261 elegeris
1824 5201 1855 5242 en
1869 5185 1905 5240 bis
1984 5215 1985 5230 ι

275 5285 461 5344 domolenus
481 5301 544 5344 eum
563 5295 673 5342 euntem
699 5281 728 5340 in
745 5283 857 5341 eaelum.
871 5281 949 5338 Turne
969 5282 1075 5339 reversi
1127 5275 1234 5336 duobus
1249 5295 1343 5347 unum,
1368 5281 1493 5352 accipere
1513 5282 1603 5340 locum
1626 5282 1773 5340 utinisterii
1788 5279 1873 5351 buius,
1886 5285 1909 5332 ot
1984 5329 1985 5344 ,

279 5389 345 5438 sunt
358 5375 702 5452 lerosolymamamonte,
718 5377 765 5450 qui
779 5385 892 5434 uocatur
905 5373 1074 5458 obrumpat
1126 5374 1311 5444 apostolatus,
1335 5374 1370 5433 de
1392 5393 1448 5450 quo
1470 5377 1663 5450 praevaricatus
1688 5385 1732 5434 est
1770 5374 1857 5442 ludas,
1885 5377 1909 5425 ul
1984 5361 1985 5374 ²

273 5471 405 5540 estjonta
426 5470 590 5542 Jerusalem,
615 5469 724 5527 sabbati
746 5468 851 5525 babens
871 5467 934 5528 iter
961 5467 1074 5523 Etcum
1126 5466 1461 5529 abiretinloeumsuum.
1477 5471 1907 5536 Etdcderuntsortescis,etce-
1984 5489 1985 5518 i

273 5563 435 5621 Introissent
458 5565 486 5619 in
505 5563 687 5632 caenaculum,
708 5561 892 5619 ascenderunt
912 5559 958 5617 ubi
979 5575 1073 5616 mane·
1126 5558 1526 5634 ciditsorssuperblattbiam,
1548 5572 1576 5621 et
1592 5567 1908 5620 arrnumeratusestouut
1984 5597 1985 5618 ι

272 5657 339 5714 bant
354 5656 453 5713 Petrus
462 5659 492 5713 et
502 5655 636 5726 loannes
652 5655 771 5714 lacobus
784 5663 812 5711 et
823 5655 959 5720 bnclreas,
971 5651 1075 5722 Pbilip·
1125 5653 1251 5712 undecim
1266 5657 1415 5728 Apostolis.

269 5767 322 5824 pus
333 5759 364 5808 et
373 5749 503 5818 Thomas
515 5748 770 5806 bartholomeuset
783 5746 936 5813 llattboeus
951 5694 1109 5805 IacobusC
1160 5747 1247 5824 [Gap
1271 5751 1304 5810 ll.
1316 5753 1325 5827 ]
1345 5754 1379 5812 Et
1416 5769 1477 5813 cum
1518 5756 1723 5828 complerentur
1755 5754 1813 5811 dies
1842 5749 1904 5805 Pen-

270 5842 389 5914 Donat,
400 5851 427 5902 et
436 5841 531 5903 smoo
545 5841 665 5913 wotos,
679 5850 709 5902 et
721 5839 920 5901 lolmlccobt
931 5837 1068 5898 bromme
1122 5849 1259 5920 tceostes,
1289 5856 1368 5907 erant
1393 5863 1489 5908 omues
1513 5848 1615 5921 pariter
1640 5847 1668 5905 in
1695 5846 1793 5907 eodem
1820 5843 1905 5902 Ιιιο·
