4017 6334
93 317 140 382 isi
749 305 854 376 sinnii
872 309 1098 375 essenonon.
1677 317 1741 380 ,394

126 438 279 512 AEdificcss
292 432 443 496 inssninn
453 431 582 496 Dominus
593 449 605 496 s
617 432 790 512 dispersiones
801 435 891 496 lerne-
902 451 932 516 A
978 435 1131 494 AEdillenns
1151 433 1304 496 Jerusalem
1327 433 1459 498 Dominus
1481 449 1490 502 t
1509 445 1539 498 et
1558 437 1745 514 dispersiones

97 531 335 610 ttspllsdsrenet]
344 534 521 612 conprepniis.
939 527 1029 589 lsrael
1044 546 1226 605 congregans.
1575 595 1579 602 ,

123 629 175 700 Qui
195 636 277 686 unct
298 630 423 686 contritos
448 627 549 686 corde.-
570 635 596 685 et
614 625 707 702 nitipot
723 625 890 685 contritiones
975 626 1028 696 Qui
1039 634 1119 686 sanat
1131 627 1267 689 contritos
1285 630 1436 690 condecet
1454 628 1547 706 alligat
1562 631 1742 694 contritiones

92 740 185 781 eornm.
938 733 1047 778 eorum.

124 819 174 890 Qui
184 829 306 878 omnent
317 817 512 876 multitudinem
524 817 660 876 stellsrsuss
671 827 708 876 :⁸
723 831 756 875 ψ
769 816 819 886 et:
834 832 890 874 ors-
975 814 1028 884 Qui
1042 824 1169 874 numerat
1180 815 1383 878 multitudinem
1393 817 1536 878 stellarum
1552 834 1559 877 τ
1575 828 1604 878 et
1615 819 1742 880 omnibns

92 914 427 972 nilnseisnsnsinsnoeet.
939 911 981 966 els
992 910 1103 968 nomina
1116 921 1208 970 uocat.

125 1008 238 1082 lispnns
254 1007 495 1079 preterendum,
514 1017 540 1067 et
558 1025 654 1084 mouns
674 1010 757 1068 sisse
771 1012 829 1081 eins
841 1023 851 1065 :
864 1017 890 1066 et
974 1003 1088 1077 Magnus
1103 1006 1237 1065 Dominus
1251 1017 1357 1077 noster,
1369 1015 1398 1066 et
1411 1008 1604 1082 magnanimus
1618 1009 1679 1082 cius
1693 1025 1701 1067 a
1715 1017 1744 1068 et

98 1101 230 1174 upiensioe
242 1104 565 1175 qusnonessnusnerss.
939 1102 1082 1175 sapientise
1095 1101 1155 1176 eins
1169 1117 1224 1162 nnn
1235 1111 1278 1164 est
1291 1118 1434 1161 numerus.

124 1192 280 1266 Smeipiens
298 1203 447 1251 mensuum
466 1192 772 1270 Doninssaissnsiliens
794 1209 825 1252 -e
841 1211 890 1252 uu-
974 1195 1133 1269 Suscipiens
1146 1204 1304 1255 mansuetos
1317 1197 1450 1256 Dominus
1473 1216 1480 1256 ε
1502 1197 1629 1258 humiliat
1649 1207 1742 1260 autem

92 1288 591 1362 semtpeccstoresnsquendterrnns.
940 1297 1100 1363 peccatores
1115 1289 1247 1363 usquead
1263 1297 1377 1349 terram.

131 1379 274 1437 Prasinise
286 1377 401 1438 dlondno
410 1379 438 1437 in
450 1381 613 1454 confusione
628 1378 753 1454 :psallite
767 1378 889 1438 oeencs·
974 1382 1088 1456 incipite
1103 1381 1220 1442 Domino
1234 1383 1262 1441 in
1277 1376 1471 1443 consessione:
1496 1385 1606 1458 psallito
1620 1386 1676 1444 lieo
1691 1400 1742 1444 nn·

92 1473 296 1531 tremescere.
941 1484 999 1534 stro
1011 1475 1038 1532 in
1052 1474 1168 1534 cithara.

125 1565 176 1635 Qui
197 1567 286 1639 operis
313 1565 407 1623 colens
428 1564 565 1624 nemine:
582 1574 608 1624 et
634 1574 711 1640 peres
734 1565 889 1638 tersenis·
975 1569 1028 1639 Qui
1048 1570 1138 1642 operit
1162 1569 1262 1630 osclum
1279 1569 1399 1630 nulrilrus
1417 1579 1467 1630 :ct
1484 1580 1564 1644 parnt
1582 1579 1664 1632 terra
1681 1572 1743 1646 plu-

95 1677 170 1718 rssss.
939 1663 1024 1722 siam.

123 1751 201 1823 bons
211 1754 334 1827 meeis
344 1753 374 1812 in
385 1755 514 1814 mentitus
523 1755 628 1829 {enus
637 1768 669 1813 ·t-
680 1763 705 1813 et
719 1753 824 1812 lerion
833 1767 889 1812 ser·
975 1757 1027 1829 Qui
1040 1757 1168 1832 producit
1180 1759 1210 1818 in
1227 1757 1367 1818 m'ontilrus
1381 1757 1473 1818 lenum
1486 1777 1494 1816 ε
1506 1767 1539 1826 ,οι
1551 1758 1665 1818 herbam
1683 1771 1742 1817 ser-

92 1845 160 1903 ritsti
169 1844 339 1916 nominent}
900 1850 1017 1932 Brittstl
1036 1849 1188 1908 dominum.
1249 1881 1253 1888 ·

124 1941 174 2010 Qui
184 1941 366 2015 dmjnnensie
379 1942 609 2016 escamipsorsnr:
625 1957 656 1999 ·t-
672 1950 698 1999 et
714 1939 886 2014 :pellicem-
973 1942 1024 2012 Qni
1034 1941 1081 1999 dat
1089 1942 1222 2014 jumentis
1234 1957 1325 2002 eseam
1340 1943 1461 2016 ipsomm
1478 1952 1527 2002 set
1544 1943 1626 2016 pullis
1640 1957 1740 2004 corso·

91 2033 369 2092 comnineecrnsilss
381 2050 452 2092 eune.
937 2050 998 2096 rum
1011 2035 1204 2094 invocantibus
1217 2051 1289 2096 curn.

123 2126 224 2184 Nonis
239 2128 395 2200 sremsmne
405 2128 475 2201 equi,
489 2127 651 2186 voluntatens
664 2127 786 2185 leniciis:
800 2142 847 2185 nec
858 2127 888 2183 iss
972 2126 1034 2184 lion
1059 2126 1088 2184 in
1105 2127 1212 2187 uiribus
1231 2129 1295 2202 equi
1314 2129 1484 2187 voluntatem
1504 2129 1633 2188 habebit:
1649 2144 1739 2205 neque

93 2221 154 2278 siliis
166 2219 420 2294 sisiiesepiecitenn
433 2221 483 2278 erit
502 2220 538 2278 ei.
938 2217 968 2278 ln
982 2219 1170 2280 tabernaculis
1182 2219 1233 2280 riri
1248 2221 1449 2295 heneplacitum
1463 2230 1506 2282 est
1518 2222 1555 2280 ei.

124 2325 136 2354 ⁶
156 2329 187 2371 -e
204 2312 306 2383 Bene:
333 2313 457 2389 piscitssn
479 2323 517 2371 ess
535 2311 650 2371 llosns'no
667 2329 746 2386 seper
769 2313 888 2370 timenter
976 2312 1181 2386 Beneplncitnm
1200 2323 1243 2372 est
1259 2312 1396 2372 Domino:
1416 2329 1499 2388 super
1512 2315 1641 2376 timentes
1652 2330 1737 2389 eum,

91 2425 159 2480 nnn,
175 2423 208 2468 ψ
227 2416 254 2465 et
276 2407 337 2480 {in
354 2409 393 2466 eis
412 2408 459 2482 uni
479 2416 587 2481 sperem
609 2423 688 2480 snper
706 2405 887 2464 misericordis
939 2405 1009 2465 etin
1023 2405 1251 2480 eosquispsrsnt
1266 2407 1295 2465 in
1310 2407 1579 2481 misericordiosius.

91 2519 154 2579 epse.

757 2613 920 2677 esnuuus
943 2610 1070 2675 culli.

237 2729 375 2774 samsom
388 2711 404 2754 ¹
417 2727 516 2783 anem,
529 2729 565 2772 sn
577 2712 738 2783 mensores:
806 2727 812 2736 ·
1261 2726 1394 2770 rensuum
1410 2721 1434 2769 ⁸.
1521 2723 1524 2729 ’
1558 2729 1559 2732 ’
1608 2773 1612 2776 ,

124 2807 233 2882 lenm,
249 2806 418 2880 demetens,
433 2807 597 2867 verrinum.-
611 2808 691 2864 leste
705 2807 790 2865 ileum
803 2816 887 2876 susm,
977 2803 1080 2874 Lauda
1093 2802 1256 2878 Jerusalem,
1269 2803 1415 2864 murnum
1431 2803 1630 2866 :landelinum
1648 2814 1736 2877 tuum,

91 2900 164 2958 Sion.
941 2896 1020 2958 Sion.

126 2995 254 3064 Qsoniens
267 2997 429 3069 consecteris
441 3012 513 3055 seros
526 3005 661 3072 portorum
672 3003 777 3056 tsorsm
789 3011 799 3053 .·
809 2995 887 3052 lene·
977 2989 1111 3061 Quoniam
1125 2987 1290 3050 conlortnrit
1310 3005 1388 3050 seras
1402 2999 1541 3064 portsmm
1553 3000 1679 3064 tuarum,
1693 2992 1739 3052 be·

91 3087 382 3160 disistitiissmsinse.
943 3082 1049 3143 nedixit
1060 3081 1131 3142 dlios
1142 3091 1202 3140 tuos
1212 3083 1240 3140 in
1255 3091 1293 3141 te.

124 3179 176 3249 Qni
187 3182 275 3256 pessit
287 3182 422 3255 praeses
433 3199 523 3258 pneesss
536 3199 547 3241 .·
561 3197 594 3242 -r
605 3191 630 3241 et
646 3181 656 3256 ζ
673 3183 752 3256 adipe
763 3140 927 3256 instruentic
977 3175 1029 3248 Qui
1041 3176 1131 3250 posuit
1148 3176 1218 3236 lines
1237 3181 1298 3235 tuos
1312 3191 1407 3252 pacem
1424 3195 1431 3235 :
1454 3184 1483 3236 et
1503 3177 1584 3252 adipe
1608 3178 1738 3238 frumenti

89 3273 166 3328 ssts'st
175 3283 210 3330 te.
940 3272 1043 3330 satians
1059 3279 1096 3330 te.

125 3363 178 3432 Qui
193 3365 290 3422 meos
303 3366 435 3441 monrium
454 3382 533 3424 esum
548 3374 646 3426 terro:
663 3367 785 3425 moriter
809 3364 890 3422 currit
976 3361 1164 3432 Quiemittisl
1180 3353 1318 3438 eloquium
1331 3377 1410 3422 snum
1423 3371 1503 3422 terrm
1515 3379 1523 3420 ε
1536 3365 1740 3425 uelocitercur-

86 3474 173 3515 sernso
192 3463 261 3536 eins.
941 3457 977 3517 rit
991 3472 1083 3518 sermo
1094 3456 1165 3530 eius.

123 3550 178 3618 Qsi
191 3551 237 3609 det
248 3553 336 3610 nicene
348 3553 415 3611 dcet
433 3553 522 3610 lenens
537 3568 548 3612 .·
561 3553 681 3611 neislnrn
692 3554 762 3611 sicut
776 3551 889 3610 ciem
975 3549 1030 3620 Qui
1050 3549 1098 3608 dat
1109 3551 1201 3610 niuem
1221 3550 1301 3623 elcut
1312 3550 1402 3610 lanam
1419 3568 1427 3609 s
1441 3551 1568 3612 nebulam
1584 3555 1659 3614 uelut
1672 3555 1738 3629 [lle.

85 3645 199 3716 spernis.
753 3673 761 3682 ·
940 3641 1023 3718 nicus]
1040 3642 1162 3703 cinerem
1176 3644 1292 3717 spargit.

120 3734 208 3793 listis
216 3736 372 3812 enmttcn
388 3756 464 3797 suern
482 3741 549 3796 sicus
561 3739 708 3798 buccellas:
722 3748 782 3796 onte
795 3737 889 3813 {eciem
977 3738 1058 3796 liittit
1079 3737 1240 3812 crystallum
1258 3751 1336 3795 sunm
1351 3738 1423 3797 sieut
1444 3738 1531 3799 lrusts
1546 3740 1649 3814 panis:
1676 3751 1741 3802 anto

85 3827 195 3904 {cientis
207 3835 264 3906 ejus
275 3833 336 3904 osis
348 3835 483 3891 sessinelrit
495 3834 508 3891 i
943 3832 1040 3890 isciem
1056 3831 1166 3906 frigoris
1176 3831 1236 3904 eius
1247 3832 1308 3904 quis
1323 3829 1478 3890 subsistoit

120 3935 153 3979 -e
171 3923 223 3994 li:
237 3926 436 3984 mitteteeronns
449 3943 536 3997 aruns,
547 3935 572 3986 et
587 3927 734 4003 liquefaciet
747 3945 778 3986 eu
794 3945 801 3986 ε
815 3925 890 4001 {iobis
980 3924 1070 3982 llittet
1095 3923 1209 3981 verbnm
1232 3937 1329 3993 suum,
1352 3931 1379 3980 et
1403 3922 1561 3996 liquelaciet
1582 3939 1639 3982 ea:
1665 3925 1744 3984 dabit

82 4017 278 4092 spiritusque,
293 4022 510 4093 stimuloque.
943 4017 1011 4095 [lle.
1025 4017 1111 4092 daris]
1131 4016 1244 4092 spiritus
1261 4015 1340 4090 elus,
1357 4025 1384 4076 et
1403 4016 1488 4076 duent
1505 4015 1570 4092 [lis.
1592 4019 1742 4094 prolluentl

946 4129 1035 4188 suum.
1150 4143 1154 4152 ,

119 4192 176 4263 oni
190 4195 332 4252 mensim
342 4197 448 4256 serimn
460 4214 537 4256 sesne
554 4198 638 4257 dccci
655 4201 789 4275 :inutilius
809 4213 835 4259 es
844 4205 893 4278 ju·
981 4203 1166 4262 &enuntians
1178 4202 1291 4263 serlum
1307 4216 1388 4262 sunm
1401 4201 1488 4264 lncolr
1504 4203 1650 4277 :justitias
1660 4215 1688 4265 et
1701 4207 1746 4280 ju-

83 4287 155 4345 dicie
168 4305 226 4348 sess
237 4289 336 4349 lead.
944 4297 1015 4357 dicis
1025 4313 1074 4356 sna
1090 4295 1184 4356 lsrnel.
1736 4295 1741 4306 '

83 4545 167 4602 sessis
178 4545 272 4620 (Aug.
283 4544 392 4621 sentiet)
405 4543 570 4607 Dossintssis
580 4545 729 4606 timentibus
739 4562 797 4604 esns
808 4561 818 4614 ‚·
828 4554 853 4604 et
866 4545 895 4602 irs
947 4543 1085 4602 Zoclrnriae
1098 4544 1237 4604 adduntur
1252 4544 1299 4603 laio
1314 4547 1425 4624 nomina
1440 4549 1466 4604 in
1481 4547 1633 4607 Veronensi
1651 4567 1702 4608 ms.
1715 4553 1746 4610 ln

83 4616 125 4672 iris
135 4621 417 4704 quisperannetc..
457 4689 465 4704 .
702 4689 708 4702 ⁸
945 4617 1744 4704 textuconfirmnsitlegitumonodpluriumessecodicum,

87 4689 774 4831 rilint,‘tltllltlttltllnltli'll-t?
796 4687 830 4745 ²⁶
844 4687 896 4844 ¹¹?
946 4705 997 4845 ''fi
1012 4689 1745 4846 mellitissimililtltltltiiiiin.

120 4832 326 4890 *swnsrario
343 4833 510 4904 superfluum
528 4834 638 4918 obelum
652 4833 779 4918 lslncnos
791 4845 896 4888 amons-
947 4840 979 4888 tst
999 4834 1103 4918 cerdunn
1124 4847 1201 4886 suum
1217 4843 1315 4916 terrm:
1327 4849 1414 4916 'uenere
1435 4847 1462 4887 rn
1485 4835 1644 4917 succesorem
1663 4837 1747 4890 currit

85 4903 894 5047 insimili?tllltmltlt'ln’tinlnnts
946 4901 1746 5056 l‘tltttn‚itilflltiitttlftimtnllttti

86 5045 507 5118 imponendumllonnicreen
517 5048 617 5104 nedum
624 5044 896 5112 Palatinusms.‚sed
949 5045 1115 5130 Annuntimrs
1129 5044 1234 5101 nerium
1245 5061 1335 5128 sottus,=
1348 5054 1405 5126 etc.v
1425 5045 1467 5128 lit,
1482 5043 1545 5099 Non
1558 5045 1618 5114 secet
1635 5045 1672 5099 sic
1685 5048 1746 5132 ursi-

86 5129 113 5174 et
133 5117 207 5176 Cari
227 5116 328 5175 edisio.
343 5119 432 5175 llinus
451 5128 541 5174 sutem
557 5119 627 5174 berre
644 5119 799 5191 insequenti
813 5131 896 5174 sersu
949 5125 1120 5188 snsoepents,
1132 5123 1187 5173 etc.
1200 5117 1373 5174 Postremum
1383 5119 1499 5187 demque
1510 5114 1747 5174 rernnmnttennn

86 5192 160 5250 menn
171 5204 237 5247 ns.
253 5189 434 5261 sosquenem
451 5188 536 5247 habet
544 5199 568 5245 et
579 5191 717 5260 copulam.
950 5188 1150 5261 pretermittit,
1173 5188 1245 5260 quod
1261 5189 1320 5258 pari
1336 5196 1414 5256 pacto
1429 5187 1456 5262 in
1476 5185 1532 5268 doe
1544 5185 1747 5257 insequentium

122 5263 252 5332 ‘Amne
265 5259 311 5317 lic
322 5259 409 5318 lerme
422 5259 733 5334 rectinslienepincitum
745 5259 898 5332 imorcer·
953 5261 1120 5330 psalmorum
1137 5267 1219 5316 secet.
1234 5259 1284 5315 liei
1300 5258 1379 5329 hujus
1394 5271 1503 5313 causum
1526 5264 1563 5312 sta
1575 5258 1748 5340 angustinus

86 5335 194 5394 latinus
207 5345 269 5390 sne·
279 5340 310 5389 et
322 5331 385 5389 Cari
397 5331 481 5390 editio
492 5333 553 5389 siue
563 5333 656 5393 olrelo.
670 5333 716 5405 qni
726 5331 751 5388 si
764 5339 838 5388 recte
849 5332 897 5415 Ικι-Ι
954 5335 982 5387 in
1004 5331 1187 5414 Errarratione
1206 5330 1305 5414 psalmi
1322 5343 1357 5386 cv
1371 5329 1484 5397 exponit
1499 5345 1505 5384 :
1529 5327 1644 5414 Qusdoeu
1657 5331 1748 5417 dicunt

87 5411 155 5474 oen,
178 5403 287 5463 debuit
300 5403 398 5461 endem
416 5418 529 5475 pmrsus
543 5403 578 5460 de
592 5419 677 5461 onnes
690 5413 719 5461 et
731 5403 898 5474 praecedente
949 5419 1032 5459 unum
1046 5402 1181 5458 llallelura
1195 5399 1377 5484 pmrsssere'nd
1389 5399 1468 5483 finem
1477 5399 1573 5472 psolms
1584 5404 1747 5474 superiores,

88 5479 221 5551 prosimos
237 5473 332 5532 eidem
344 5475 478 5532 roululo
493 5474 608 5546 prensi.
620 5475 710 5532 Hirrus
722 5482 813 5531 sulem
827 5474 899 5531 nene
950 5475 1059 5530 numum
1080 5471 1115 5528 ud
1128 5473 1207 5555 liujus
1222 5472 1387 5556 priucsnsuns.
1408 5468 1509 5554 letultoc
1528 5483 1657 5538 asserunt,
1677 5475 1749 5546 quod

89 5550 192 5609 socole
201 5561 320 5622 qnooue
333 5547 363 5603 in
375 5546 430 5614 eis,
443 5546 540 5604 eodem
554 5561 631 5618 „quo
646 5556 670 5603 et
682 5545 781 5619 copula
790 5545 899 5619 jugula·
951 5561 1039 5600 omnes
1049 5543 1228 5600 llnllelumtics
1238 5543 1333 5613 psalma
1342 5540 1471 5597 lnlmtsn
1480 5543 1532 5614 fine
1541 5541 1684 5614 llallelnia‚
1696 5562 1751 5600 ncn

90 5635 133 5680 tur
154 5622 258 5680 &rus
269 5618 351 5676 coelo
362 5619 577 5674 transverberas.
953 5631 1041 5672 omncs
1061 5617 1088 5670 in
1103 5629 1134 5668 eo
1154 5614 1189 5668 lte
1200 5630 1211 5669 .·
1224 5612 1294 5669 unde
1312 5614 1466 5685 quicumque
1480 5613 1596 5688 psalmus
1609 5631 1661 5670 non
1676 5615 1752 5671 leniet

123 5666 144 5734 δ’
153 5693 211 5750 ilie
228 5691 351 5759 iterum,
366 5698 397 5746 ns
407 5687 441 5745 ad
454 5688 607 5759 superioris
617 5688 715 5761 psalmi
726 5690 835 5746 situlum
849 5703 903 5744 no·
952 5689 982 5743 in
990 5689 1042 5755 fine
1054 5631 1257 5769 llnlleiuimnec
1266 5684 1386 5770 incapite
1392 5687 1483 5740 colunt
1496 5703 1555 5741 eum
1564 5687 1656 5741 neon-e
1665 5687 1752 5770 :prend

92 5778 180 5825 tntum
194 5773 260 5830 est,
282 5760 372 5834 Δαμοῖ
385 5767 410 5817 et
428 5759 903 5818 Zenonenominndalatinusnss.
954 5770 1041 5814 nutem
1060 5773 1087 5811 sss
1105 5759 1160 5830 ejus
1176 5756 1261 5830 eapite
1277 5755 1454 5824 sedelocense,
1467 5757 1502 5812 nd
1514 5759 1592 5828 finem
1608 5772 1752 5840 supe-rores

91 5849 119 5898 et
130 5837 200 5896 Cari
216 5833 313 5892 editio
323 5833 432 5904 penitus
445 5833 572 5889 reticent.
956 5831 1092 5898 pertinere,
1106 5835 1256 5895 essersene,
1271 5843 1332 5896 noras
1345 5836 1403 5885 tute
1414 5829 1631 5897 consummemus
1644 5827 1751 5899 prolrse

126 5920 141 5954 ²
161 5910 301 5975 lterum,
315 5903 388 5976 quod
411 5910 441 5960 et
453 5904 536 5961 modo
558 5914 684 5964 notatum
697 5913 751 5977 est,
767 5903 857 5979 eppei
878 5914 906 5962 es
956 5911 1015 5961 toto
1028 5915 1143 5960 numeru
1154 5899 1247 5975 primo
1260 5899 1408 5976 disputato.

333 5999 472 6080 Penus.
493 5997 622 6066 xxm.
857 6074 867 6097 .
1505 5991 1545 6053 13
