4017 6334
276 407 313 470 ot
793 402 824 462 S.
845 397 1034 462 utuuottttti
1051 397 1171 460 btttrtu
1187 397 1428 462 ototto'lttssct.
1897 398 1936 458 Sd

279 527 340 586 baec
350 526 426 596 lecit,
443 523 515 583 sicut
525 521 607 592 vidit.
619 520 795 582 enumeravit
804 521 838 590 ia(
847 527 876 576 et
888 517 962 575 riam
975 526 1081 590 tempe·
1093 535 1120 597 p
1132 515 1271 587 princeps.
1286 519 1321 588 it(
1333 525 1362 572 et
1375 514 1532 574 habitabam
1546 514 1620 575 sieut
1633 529 1682 573 rex
1694 514 1801 573 cinctus
1816 514 1938 572 lontibus

278 622 361 683 statis
383 621 438 697 [tt.
452 616 660 692 tempestatum]
683 617 798 674 vocibus
812 619 845 684 it<
857 622 924 670 tune
937 612 1007 670 vidit
1019 627 1081 670 eam
1134 611 1169 679 it(
1182 609 1260 680 quasi
1286 611 1380 666 tristes
1402 611 1548 668 consolans
1566 610 1577 681 ζ
1631 675 1643 692 ⁰

278 727 307 778 et
316 717 441 790 exposuit
452 731 524 785 cam,
536 716 652 789 paravit,
660 722 688 772 et
699 713 871 784 investigavit
882 711 894 782 ζ
905 709 977 768 bisit
989 717 1081 766 autem
1169 700 1243 776 [Cup.
1252 701 1437 777 milliens
1446 713 1535 761 autent
1547 703 1674 761 derident
1684 717 1728 759 me
1742 700 1827 758 intimi
1839 719 1846 756 :
1860 716 1937 760 nunc

279 813 403 870 bomini:
428 813 500 870 Ecce
528 812 614 883 pietas
637 817 680 869 est
694 809 841 882 snpientia,
861 807 1000 866 abstinere
1015 821 1082 866 vero
1133 802 1246 848 ¹¹⁰¹¹¹¹¹
1263 808 1308 850 ¹¹¹¹
1327 795 1448 851 ¹¹¹¹⁰¹¹¹¹
1470 804 1605 867 ¹¹¹¹¹l¹⁰¹02
1627 810 1743 867 ¹l¹¹⁰¹¹¹¹¹¹
1766 795 1937 864 ¹t0¹¹¹0b¹¹¹¹

279 921 294 962 a
308 905 398 972 malis.
412 902 540 962 scientia.
1134 888 1148 920 a
1162 895 1306 958 parentem
1317 894 1347 943 et
1359 886 1369 927 ¹
1380 887 1467 956 virtus
1477 902 1608 944 nnanuum
1619 903 1715 945 eorum
1731 887 1808 958 nuasi
1816 887 1936 945 nibilum

1133 977 1200 1035 mibi
1214 990 1283 1037 erat.
1299 984 1333 1050 J<
1347 979 1378 1036 ln
1388 980 1430 1036 cis
1441 990 1455 1029 s
1466 980 1573 1053 peribat
1589 981 1681 1037 omnis
1694 980 1762 1036 vita.
1780 985 1813 1049 ᾗ(
1829 979 1859 1035 ln
1872 995 1938 1052 ege·

369 1053 405 1096 ΕΤ
420 1051 531 1096 *⁰³⁸⁰*
544 1050 590 1093 '⁰¹¹
604 1052 639 1093 ¹⁰
648 1047 863 1135 ,mmmm
876 1043 969 1090 ”mm
982 1047 990 1088 ²
1132 1080 1204 1130 state
1217 1082 1245 1129 et
1257 1072 1330 1129 lame
1339 1072 1499 1130 instabiles:
1513 1073 1559 1146 qui
1573 1073 1711 1145 lugiebant
1723 1071 1738 1111 ¹¹
1750 1073 1779 1128 iu
1791 1072 1938 1130 desertum

316 1172 392 1247 [Cup.
405 1171 515 1244 xiib]
523 1171 652 1241 Quisnam
662 1185 705 1228 mc
715 1173 839 1227 restituet
850 1169 877 1224 in
890 1182 998 1225 meuses
1009 1165 1083 1240 prio-
1133 1165 1192 1221 lucri
1207 1163 1265 1237 [Al.
1277 1164 1398 1237 ltercmi]
1415 1177 1525 1238 propter
1538 1167 1689 1250 angustias,
1704 1172 1732 1222 et
1744 1165 1886 1220 miserias.
1903 1170 1939 1234 is(

279 1265 466 1334 rumdierum,
477 1263 755 1335 inquibusllominus
766 1260 1082 1320 custodiebstmetcttm
1132 1260 1185 1331 Qui
1208 1260 1343 1318 rodebant
1357 1261 1474 1318 cortices
1488 1261 1634 1328 arborum;
1655 1275 1771 1334 quorum
1786 1269 1846 1317 erat
1859 1259 1942 1316 cibus

281 1357 389 1415 lucebat
408 1356 521 1416 lucerna
536 1357 597 1428 ejus
611 1366 625 1394 ¹
641 1369 725 1428 super
744 1369 835 1410 meum
849 1360 947 1424 ceput:
972 1367 1034 1409 cum
1055 1352 1083 1408 in
1133 1355 1211 1412 radis
1241 1353 1398 1413 berbamm.
1428 1353 1587 1412 lubonorati
1606 1365 1636 1412 et
1659 1354 1777 1425 subjecti
1804 1352 1867 1428 [at.
1889 1352 1942 1408 ab·

282 1451 386 1508 lumine
402 1449 461 1523 eius
476 1449 648 1506 ambulabam
667 1448 695 1506 in
713 1446 847 1514 tenebris3
864 1461 924 1504 eunt
937 1461 1013 1504 cram
1031 1445 1083 1504 llo·
1134 1446 1234 1520 jectil,
1250 1454 1280 1503 et
1293 1455 1407 1519 egentes
1420 1447 1495 1503 omni
1510 1447 1596 1505 bono.
1611 1445 1664 1515 Qui
1678 1445 1787 1504 radices
1800 1440 1942 1518 lignorum

281 1539 970 1611 rensinviis;cum¹bominusinspiceretdomnm
981 1554 1083 1606 meam,
1132 1541 1337 1601 manducabant
1347 1549 1459 1614 propter
1469 1540 1716 1614 lamemmagnam.
1727 1539 1944 1598 insurrexerunt

284 1647 312 1694 et
325 1651 414 1696 essem
429 1636 457 1693 in
475 1634 643 1692 abundantia
665 1648 774 1708 magus,
787 1641 814 1690 et
828 1633 931 1690 circum
947 1649 991 1689 me
1005 1633 1084 1704 pueri
1134 1636 1162 1690 in
1177 1635 1237 1707 [At.
1253 1633 1353 1709 super]
1367 1650 1412 1692 me
1427 1635 1512 1703 iures,
1536 1650 1652 1706 quorum
1672 1634 1773 1692 domus
1796 1642 1877 1691 erant
1889 1649 1941 1692 ea·

283 1731 347 1786 mei.
359 1728 427 1785 Cum
438 1727 538 1784 flueret
549 1742 597 1799 per
610 1727 668 1783 vias
680 1725 915 1800 measbutytum3
931 1740 992 1784 cunt
1006 1740 1085 1783 mon·
1133 1741 1227 1783 verne
1250 1735 1403 1797 petrnmm,
1427 1731 1462 1796 ia(
1482 1734 1511 1784 et
1522 1727 1594 1784 inter
1615 1726 1732 1784 arbores
1748 1726 1911 1783 clamabant
1928 1727 1940 1798 ζ

284 1832 326 1880 tcs
340 1822 395 1879 mci
409 1819 583 1880 abundarent
597 1820 678 1878 lacte.
693 1817 762 1876 Gom
785 1819 890 1876 exirem
907 1830 919 1861 s
935 1819 1084 1877 matutinus
1134 1816 1186 1887 Qui
1199 1818 1251 1875 sub
1264 1818 1396 1892 stirpibus
1410 1827 1492 1875 terrae
1505 1818 1662 1876 manebant.
1679 1817 1742 1874 Filii
1764 1817 1917 1875 stultorum
1932 1859 1941 1886 ,

264 1915 310 1972 *in
325 1914 447 1982 civitate,
465 1921 495 1972 et
512 1914 540 1970 in
559 1913 656 1985 plateis
675 1911 829 1984 ponebatur
848 1911 915 1969 mibi
934 1912 1015 1970 sella.
1038 1912 1085 1969 Vi·
1099 1923 1125 1987 Β
1137 1915 1172 1982 Ji(
1185 1911 1397 1985 etignobiiium;
1410 1926 1510 1970 nomen
1521 1920 1550 1968 et
1567 1911 1655 1968 bonor
1666 1911 1944 1970 exstinctusaterra.

256 2033 258 2038 ·
283 2008 382 2066 dentes
396 2022 442 2066 me
455 2006 644 2066 adolescentes
661 2005 912 2070 abscondebantur.
935 2021 1019 2065 senes
1036 2021 1085 2064 an·
1136 2002 1215 2060 Nunc
1226 2013 1319 2061 antem
1332 2002 1438 2060 citbara
1452 2017 1547 2060 eornm
1568 2019 1620 2076 ego
1636 2018 1707 2074 sum,
1729 2013 1815 2059 etms
1835 2002 1945 2062 haberit

284 2109 340 2157 tem
356 2113 453 2158 omnes
466 2099 528 2174 [ut.
543 2108 608 2155 tacet
622 2096 735 2174 omnes]
748 2098 939 2171 assurgebant,
950 2108 979 2156 et
989 2107 1086 2171 poten·
1136 2095 1255 2153 tabulam
1266 2095 1329 2169 [Al.
1338 2095 1372 2152 ad
1385 2095 1538 2171 labulaml.
1551 2095 1707 2153 Abominati
1719 2105 1837 2155 suntme
1848 2097 1945 2153 disee·

285 2201 326 2251 tes
341 2200 519 2252 cessaverunt
527 2192 614 2264 ioqui,
627 2192 741 2264 digitum
753 2204 887 2266 ponentes
899 2192 932 2250 ad
945 2208 977 2250 os
992 2209 1084 2250 suum.
1135 2191 1232 2250 dentes
1255 2191 1368 2263 prueul;
1394 2207 1446 2250 nec
1467 2192 1494 2248 iu
1514 2191 1612 2250 taciem
1637 2205 1727 2248 meam
1753 2202 1944 2263 pepercerunt

285 2285 319 2344 Et
332 2285 475 2342 audientes
490 2299 533 2341 me
546 2282 653 2341 lelicem
666 2283 807 2352 dixerunt,
830 2293 857 2342 et
877 2285 968 2358 lingua
988 2300 1085 2343 corum
1135 2298 1246 2356 spuere.
1258 2281 1395 2354 Aperiens
1404 2281 1477 2340 enim
1488 2282 1644 2355 pbaretranr
1657 2298 1747 2352 sunm,
1759 2281 1855 2339 aillinit
1873 2298 1921 2339 me
1935 2301 1943 2339 r

284 2378 389 2452 gutturi
400 2393 495 2436 eorum
509 2377 625 2436 adhesit
642 2379 725 2448 :quia
738 2377 814 2436 auris
828 2379 944 2448 audivit,
958 2388 986 2436 et
1001 2379 1087 2436 beati·
1136 2378 1287 2436 etlrenum
1302 2379 1330 2435 in
1354 2378 1451 2436 lacicm
1465 2393 1554 2434 meant
1577 2378 1723 2434 miserunt.
1749 2374 1838 2433 Pedes
1861 2391 1945 2434 meos

286 2470 378 2528 dravit
391 2485 454 2538 me;
470 2481 496 2528 et
511 2471 608 2528 oculus
620 2469 716 2526 videns
727 2487 771 2528 me
785 2470 943 2529 declinarit.
959 2471 1087 2531 Liberavi
1136 2473 1282 2530 vinxerunt
1295 2471 1485 2544 compedibus,
1496 2480 1525 2530 et
1545 2478 1712 2542 aperuerunt
1723 2485 1808 2542 super
1831 2486 1877 2527 me
1890 2485 1941 2528 sc·

291 2564 366 2624 enim
382 2577 528 2634 ptatrperem
540 2561 599 2620 ¹de
611 2577 640 2618 e
657 2577 741 2621 manu
756 2562 768 2634 ζ
783 2565 914 2636 potentis,
929 2573 958 2622 et
971 2566 1086 2639 pupillo,
1138 2567 1219 2624 mitas
1238 2566 1402 2638 perditionis
1424 2581 1493 2624 suae.
1508 2565 1640 2622 eontriue
1654 2573 1719 2622 snut
1732 2564 1837 2622 semitm
1856 2579 1945 2622 meae.

290 2660 334 2718 cui
349 2673 404 2715 nun
419 2664 479 2715 erat
490 2656 671 2728 adjutorium,
696 2657 826 2714 auxilium
842 2657 938 2716 detuli.
954 2663 987 2730 >a
1002 2659 1090 2719 liene·
1138 2658 1221 2717 extu
1233 2660 1306 2716 enim
1322 2674 1370 2716 me
1380 2658 1462 2726 stola,
1477 2666 1507 2715 et
1524 2656 1622 2730 jaculis
1637 2657 1695 2714 suis
1716 2656 1871 2714 vulneravit
1883 2673 1945 2714 me.

288 2751 373 2810 dictio
386 2750 502 2824 perituri
519 2764 601 2822 super
620 2765 664 2808 mc
676 2750 807 2808 veniebat
824 2750 836 2821 ζ
850 2758 879 2809 et
891 2765 924 2808 ca
935 2751 1026 2808 vidue
1041 2753 1089 2811 be-
1138 2755 1247 2812 Abusus
1259 2763 1302 2812 est
1313 2768 1358 2812 me
1367 2755 1439 2811 sient
1450 2753 1546 2810 voluit.
1560 2751 1708 2809 lioloribus
1717 2750 1856 2809 insolutus
1865 2767 1945 2820 sum,

288 2844 393 2904 nedixit
412 2859 468 2903 me.
491 2843 653 2916 iustitiaque
677 2842 788 2901 indutus
802 2861 890 2913 eram,
909 2855 938 2903 et
951 2847 1090 2905 vestiebar
1138 2855 1167 2904 et
1180 2847 1312 2904 iterantur
1321 2846 1430 2904 diriores
1443 2845 1506 2902 mci.
1521 2844 1642 2902 Discedit
1656 2845 1727 2901 sient
1741 2845 1855 2915 spiritus
1867 2859 1940 2917 spes

286 2937 390 3011 iudicio
404 2935 750 3014 sicuteblampde.0culus
760 2951 988 3004 ernmcaecorum,
1000 2950 1028 2996 et
1039 2956 1090 3010 pes
1138 2955 1210 3008 mea,
1236 2949 1266 2997 et
1288 2940 1362 2996 sicut
1375 2939 1463 2995 nubes
1478 2941 1512 3006 ia(
1525 2935 1635 2993 transiit
1650 2937 1662 3008 ζ
1676 2937 1749 2994 salus
1764 2951 1836 2995 mea.
1855 2941 1890 3006 is„
1905 2938 1945 2994 lit

287 3027 461 3086 claudorum.
474 3027 532 3099 Ego
546 3041 622 3084 cram
637 3036 714 3100 pater
729 3029 922 3087 invalidorum.
938 3029 1087 3105 iudicium,
1140 3047 1212 3090 nune
1224 3047 1307 3103 super
1322 3047 1366 3088 me
1380 3030 1634 3087 edundeturanima
1647 3045 1708 3088 mea
1724 3031 1736 3101 ζ
1751 3030 1945 3088 Possederunt

288 3121 362 3194 quod
377 3134 432 3178 uon
454 3134 596 3188 noveram,
611 3121 757 3194 exquisivi.
781 3121 909 3193 confregi
934 3124 1020 3182 molas
1035 3125 1090 3184 ini·
1139 3139 1184 3182 me
1205 3125 1265 3182 dies
1286 3124 1412 3181 doiorum
1429 3122 1534 3181 :Nocte
1557 3137 1626 3180 vero
1639 3136 1704 3178 ossa
1725 3137 1786 3178 mea
1802 3121 1950 3181 conlrneta

288 3229 415 3285 quorum,
425 3213 498 3270 etde
511 3212 602 3270 medio
612 3211 734 3270 dentium
747 3229 842 3272 eorum
853 3215 964 3287 rapinas
974 3218 1089 3276 extorsi.
1139 3228 1214 3286 sonu,
1227 3225 1255 3274 ct
1267 3217 1344 3274 nervi
1366 3217 1420 3273 mei
1434 3215 1563 3273 dissoluti
1586 3223 1660 3272 sunt.
1684 3214 1714 3271 ln
1736 3216 1821 3272 muita
1836 3215 1950 3274 virtute

290 3307 350 3364 Dixi
364 3306 438 3364 euim
455 3324 462 3362 s
478 3305 559 3364 AEtas
573 3320 633 3362 mea
651 3315 786 3378 senescet,
807 3308 881 3364 sicut
897 3309 980 3366 arbor
993 3312 1091 3382 palmae
1104 3312 1128 3377 c
1142 3311 1322 3386 apprehendit
1332 3311 1431 3368 stolam
1441 3325 1544 3376 meam,
1558 3312 1592 3380 it(
1602 3310 1714 3381 etquasi
1724 3322 1773 3366 ora
1783 3309 1951 3368 vestimenti

294 3399 383 3458 multo
410 3401 500 3457 vivam
530 3407 665 3470 tempore.
692 3403 725 3468 3¹(
748 3397 841 3457 Radix
870 3415 932 3458 ntea
956 3413 1030 3474 patet
1056 3405 1090 3462 ad
1144 3407 1197 3464 mei
1211 3405 1392 3464 circumdedit
1405 3420 1450 3461 me
1466 3404 1478 3476 ζ
1495 3403 1640 3462 AEstimavi
1655 3417 1700 3460 me
1711 3404 1783 3461 sicut
1797 3404 1899 3461 lutum.
1915 3404 1950 3463 ln

290 3507 387 3564 aquas,
402 3495 436 3562 Χ
448 3498 478 3551 ct
489 3507 534 3549 ros
546 3493 698 3550 morabitur
712 3493 739 3548 in
756 3507 844 3552 messe
859 3511 931 3555 mou.
948 3503 981 3568 js<
995 3499 1088 3558 Gloria
1140 3509 1213 3558 terra
1226 3509 1256 3558 et
1270 3499 1365 3558 cinere
1378 3513 1441 3570 pars
1454 3513 1526 3555 mea.
1539 3495 1661 3554 clamari
1675 3512 1741 3554 vero
1753 3497 1787 3553 ad
1800 3506 1836 3566 te,
1846 3505 1877 3556 ct
1887 3513 1951 3558 non

291 3599 350 3641 mea
374 3597 444 3641 nova
461 3598 580 3652 mecum,
596 3588 629 3653 y(
643 3593 672 3641 et
690 3600 769 3641 arcus
793 3601 871 3644 meus
892 3589 918 3645 in
934 3605 1089 3651 manumet
1140 3593 1239 3650 audisti
1254 3608 1310 3652 me.
1325 3593 1360 3663 it(
1374 3590 1528 3659 Steterunt,
1548 3601 1577 3648 et
1596 3590 1842 3648 eottsidernreruut
1866 3606 1916 3647 me
1935 3593 1949 3663 ζ

290 3676 429 3749 gradietur
441 3677 453 3746 ζ
466 3677 507 3734 lle
519 3677 661 3735 audientes
675 3678 765 3736 intuiti
779 3691 854 3749 sunt,
866 3691 893 3738 et
908 3691 1051 3743 tacuerunt
1062 3687 1089 3743 in
1139 3685 1292 3758 Aggressus
1314 3700 1346 3742 es
1363 3700 1409 3742 mc
1420 3685 1483 3742 sine
1506 3682 1707 3741 misericordia.
1723 3683 1803 3740 llantt
1827 3687 1944 3755 potenti

291 3783 351 3826 meo
362 3770 488 3836 consilio,
499 3779 528 3828 et
538 3770 566 3827 ln
577 3785 704 3828 sermone
716 3787 777 3828 mro
789 3789 841 3832 non
853 3774 1028 3848 adjecerunt,
1040 3779 1089 3838 scd
1140 3776 1291 3836 verberasti
1307 3793 1361 3846 me,
1387 3785 1416 3835 et
1429 3776 1599 3835 constituisti
1616 3791 1662 3834 mc
1684 3775 1712 3832 in
1737 3774 1892 3845 doloribus,
1912 3781 1951 3849 >a

290 3861 376 3934 gavisi
391 3872 456 3918 snm
467 3876 529 3920 eum
544 3863 673 3936 loquerer
689 3865 740 3922 cis.
755 3865 832 3926 Sicut
846 3875 918 3926 tetra
931 3869 1029 3927 sitiens
1039 3887 1089 3928 ex·
1140 3881 1170 3929 ct
1192 3871 1330 3944 projecisti
1356 3887 1400 3929 me
1423 3887 1439 3928 a
1454 3870 1543 3928 saluta
1558 3871 1570 3941 ζ
1586 3871 1645 3927 scio
1668 3870 1742 3928 eninr
1767 3869 1841 3942 quod
1867 3885 1952 3929 mors

291 3961 398 4027 spectat
413 3954 531 4026 pluviam
548 3971 556 4012 ε
571 3956 611 4013 sic
624 3955 668 4014 isti
684 3972 775 4014 meunt
789 3972 960 4016 sermonem.
974 3961 1089 4030 Quodsi
1139 3973 1267 4022 conteret
1290 3978 1345 4020 me.
1361 3963 1465 4020 Dontoa
1488 3963 1562 4020 enim
1577 3969 1621 4019 ost
1633 3962 1710 4019 omni
1726 3961 1836 4019 mortali
1852 3969 1948 4024 terra.

291 4057 320 4107 et
332 4049 450 4106 redirem
466 4049 500 4105 ad
514 4063 574 4122 eoa,
595 4063 650 4106 non
664 4049 825 4118 eredebant,
843 4056 876 4122 ia<
889 4060 918 4108 et
937 4053 982 4111 iun
995 4055 1090 4115 vultus
1140 4058 1230 4133 Atque
1244 4059 1345 4116 utinam
1358 4072 1467 4132 possem
1484 4073 1529 4115 me
1544 4059 1632 4129 ipsum
1646 4057 1815 4121 interlicere.
1830 4066 1878 4113 aut
1893 4072 1948 4116 vo·

291 4141 345 4199 mei
361 4156 415 4199 non
429 4139 602 4200 concidebat.
622 4144 656 4212 ia(
676 4141 756 4215 Elegi
782 4143 852 4200 riam
867 4158 973 4219 corum,
991 4151 1088 4208 etscdi
1138 4169 1205 4228 gare
1229 4153 1238 4194 ἰ
1256 4154 1342 4213 alium
1357 4163 1388 4212 ut
1402 4154 1506 4213 laceret
1527 4151 1596 4212 mibi
1608 4152 1682 4211 boel
1698 4151 1757 4224 Ego
1771 4157 1863 4208 autem
1876 4149 1951 4210 desi

291 4302 449 4359 adverbum
464 4305 612 4374 respondet
625 4306 691 4362 satis
703 4303 773 4363 beno
790 4303 832 4364 bis
847 4305 896 4364 Gr.
911 4315 1013 4379 textus,
1025 4307 1087 4370 'ora
1179 4324 1191 4353 ⁸
1211 4313 1353 4382 blattina..
1363 4330 1490 4387 spernens
1500 4322 1632 4387 parentes.
1644 4311 1692 4382 otti
1704 4319 1797 4367 tamen
1817 4324 1873 4367 uon
1885 4312 1954 4371 itae·

291 4377 419 4440 incinere.
431 4375 514 4437 airus
528 4375 586 4458 idda
600 4379 736 4454 ἠρίθμησε.
1140 4386 1232 4443 rodite
1245 4395 1371 4456 anttotat,
1394 4387 1524 4458 subsequi
1543 4385 1589 4442 bic
1602 4384 1720 4440 alterum
1736 4382 1953 4442 bemistielnium

327 4456 341 4485 ¹
361 4445 471 4530 Duobus
491 4447 592 4512 verbus,
609 4451 753 4506 tutatrilestc
769 4455 861 4508 autent
882 4452 993 4518 merulo.
1008 4461 1087 4512 antea
1140 4457 1383 4523 debere.adltunc
1394 4457 1586 4524 ierenrodum,
1600 4456 1736 4524 Quartum
1748 4453 1953 4527 pataaidt'gnos

290 4526 359 4585 crat,
370 4533 417 4602 ‘sac'
429 4534 485 4589 per,
498 4534 547 4602 pro
557 4535 645 4591 saper,
660 4520 732 4592 quod
747 4536 798 4580 nos
808 4537 844 4580 ex
855 4522 904 4580 Gr.
917 4524 996 4604 irlp,
1012 4524 1089 4583 ollis·
1140 4544 1197 4584 esse
1209 4545 1269 4584 eura
1284 4530 1391 4585 castilas
1404 4543 1523 4584 mearam
1533 4543 1651 4600 precum.
1669 4536 1698 4580 ut
1713 4526 1741 4581 itt
1753 4525 1803 4582 Gt·
1818 4535 1874 4591 ⁰⁸¹,
1890 4528 1954 4591 Οὓς

292 4589 623 4660 queltltrtscasltgttmus.
1038 4631 1041 4638 ·
1141 4602 1194 4672 οὐχ
1207 4603 1290 4677 desno'
1357 4601 1445 4667 ἀξίους
1456 4595 1521 4657 εἶναι
1534 4605 1616 4656 κυνῶν
1627 4598 1757 4672 τῶνῦμῶν
1769 4595 1955 4671 upiimzil·

327 4659 342 4699 ¹³
355 4659 432 4731 Apud
445 4659 625 4731 Augusteum
639 4661 743 4744 ueritum
758 4663 862 4723 Deretini
872 4668 1021 4742 inspiceret,
1032 4679 1086 4727 etc.
1141 4670 1244 4740 tuoque
1254 4673 1279 4726 v‘
1300 4674 1340 4728 eri
1353 4688 1370 4728 e
1384 4671 1482 4728 Latino
1496 4684 1549 4725 tus.
1561 4669 1709 4726 excidisse.

293 4731 454 4801 Sequendus
471 4741 560 4817 tumen
577 4731 758 4792 l'lortaccnsis
773 4752 837 4805 ms..
850 4741 897 4824 qui
925 4740 990 4812 legit
1011 4740 1130 4812 juxtali
1180 4741 1190 4781 ¹
1206 4742 1311 4800 Desunt
1325 4743 1351 4798 iu
1365 4758 1417 4799 urs.
1440 4742 1582 4810 nonnulla,
1607 4739 1746 4806 videlieet,
1774 4754 1828 4795 non
1850 4743 1953 4812 patarei

292 4810 453 4888 presentem
465 4803 625 4887 etltttuuem,
639 4821 696 4890 eant
708 4805 834 4866 Doudoua
857 4811 1008 4882 suspiceret,
1032 4823 1088 4870 etc.
1140 4814 1233 4888 dignm
1246 4815 1353 4871 caudas
1362 4829 1480 4870 mearant
1493 4827 1613 4886 gregata.
1624 4810 1679 4877 tel,
1690 4827 1742 4867 uota
1754 4811 1883 4884 dignabor
1892 4831 1954 4884 pe-

328 4903 364 4918 —-
375 4874 420 4931 Sto
446 4875 539 4932 ntultts
552 4877 614 4932 alus
627 4879 804 4947 scrtptiouum
818 4881 847 4939 S.
868 4885 1009 4954 Augustini
1021 4883 1089 4941 iocis
1140 4903 1203 4942 aare
1213 4902 1257 4942 eoa
1274 4903 1334 4942 aaut
1346 4886 1454 4941 enaiim
1463 4885 1550 4956 gregis
1561 4883 1613 4940 met'
1627 4896 1638 4937 .·
1650 4899 1712 4952 num
1725 4892 1814 4938 tamen
1830 4896 1887 4938 nott
1901 4885 1954 4941 lo·

292 4946 470 5032 entertdandis
488 4955 542 5031 'aut
568 4949 743 5032 restituendis
772 4953 905 5011 inservire
927 4962 1017 5027 potest
1042 4956 1089 5014 tii·
1139 4971 1243 5030 guntur
1256 4958 1286 5016 iu
1296 4956 1589 5015 libroAunotatiouutn
1600 4954 1631 5012 S.
1642 4953 1868 5026 Augustiai;nec
1877 4969 1954 5014 eum

291 5019 427 5077 bitotlteea
440 5017 532 5075 dtttna
543 5019 573 5076 S.
592 5021 866 5106 ituresnimium.
1139 5043 1174 5086 ea
1188 5030 1287 5101 tegtsss
1309 5031 1336 5085 in
1356 5043 1407 5086 suo
1423 5027 1575 5099 exemplari
1596 5026 1734 5097 conjicere
1747 5039 1896 5096 possumus
1905 5042 1951 5085 ex

333 5102 344 5130 s
364 5091 497 5160 corrupte
507 5101 577 5154 erat.
592 5101 726 5150 matutinas
740 5095 920 5154 intinitatem.
1139 5099 1200 5168 aius
1211 5100 1385 5171 expositione
1397 5100 1432 5158 ad
1452 5101 1525 5156 littae
1537 5100 1641 5156 locum.
1654 5097 1746 5154 Esar.

329 5159 344 5202 ¹
363 5163 489 5220 llartiau.
513 5163 599 5222 solida
616 5166 709 5234 verba,
731 5168 763 5224 de
773 5185 854 5225 manu
870 5170 990 5240 petentia,
1006 5169 1089 5227 obelo
1176 5181 1190 5221 t
1209 5173 1249 5229 Au
1270 5183 1323 5231 ust.
1339 5173 1369 5228 in
1383 5187 1415 5229 eo
1427 5189 1437 5229 r
1450 5183 1507 5228 turn
1524 5179 1600 5228 recte
1613 5168 1725 5240 peribu.
1742 5181 1792 5239 oto
1804 5182 1861 5239 ¹1⁰⁰
1875 5183 1952 5226 ωτ-

295 5229 479 5304 transducent,
489 5249 551 5293 cum
561 5246 651 5294 tuttten
666 5240 722 5292 solu
737 5255 789 5295 son
801 5242 914 5296 muuuiu
925 5241 992 5300 lleb.
1004 5240 1090 5298 abuu-
1139 5253 1220 5314 rupte
1262 5254 1315 5301 art.
1330 5245 1456 5318 periebat.
1473 5243 1525 5313 Qui
1537 5239 1716 5311 subsequitur
1728 5238 1893 5306 asteriacus,
1912 5251 1955 5299 ut

294 5306 351 5371 det,
370 5307 477 5362 cureris
497 5309 662 5377 respondeat
673 5319 766 5376 niun.
782 5315 822 5368 Ac
842 5312 905 5369 licet
919 5312 990 5369 uliud
1007 5329 1089 5384 utram
1140 5322 1169 5372 et
1183 5315 1263 5386 panio
1276 5329 1338 5388 pust
1353 5316 1423 5373 alter
1434 5313 1463 5370 in
1472 5314 1576 5372 codicis
1585 5309 1766 5368 Alexandrini
1777 5325 1885 5377 nupera
1896 5328 1951 5370 re·

294 5378 367 5450 quod
385 5377 562 5451 Septuaginta
576 5383 746 5454 interprectti
765 5393 839 5452 sunt,
854 5384 1018 5440 vocabulum
1036 5384 1090 5444 ltoc
1140 5388 1287 5455 cettsioue,
1306 5402 1362 5444 non
1375 5394 1453 5451 sunt.
1473 5399 1525 5442 nec
1538 5383 1685 5440 sauealias
1704 5381 1786 5438 nobis
1801 5381 1951 5451 ridentur,

295 5449 466 5508 sonettiliud
480 5461 569 5509 umen
584 5461 627 5509 est
642 5454 742 5526 ipsum.
759 5456 831 5523 quod
844 5463 996 5524 verterunt,
1008 5455 1088 5516 δυνά-
1141 5460 1194 5516 uisi
1206 5474 1265 5528 eas,
1278 5475 1348 5531 cusa
1386 5458 1491 5516 rosime
1503 5454 1672 5527 praecedunt,
1688 5451 1725 5508 lar
1743 5462 1772 5510 et
1788 5451 1840 5521 Qut
1853 5469 1951 5511 vocu-

295 5523 703 5608 ereu,att1ue.·utnpinor,pro
716 5535 802 5590 'tamn
816 5536 990 5598 occeperunt,
1006 5527 1090 5586 dece-
1140 5530 1182 5586 las
1195 5531 1344 5588 illustrnre.
1380 5529 1485 5586 talarius
1507 5526 1610 5582 leviora
1624 5524 1750 5596 quasdam
1775 5525 1829 5607 alia
1853 5528 1949 5582 easti-

296 5605 334 5662 ptt
351 5607 446 5678 vocum
458 5595 645 5664 similutudine,
661 5613 723 5669 quum
739 5610 874 5664 postrema
896 5614 949 5656 una
965 5600 1087 5658 litterula
1139 5613 1249 5670 geretur,
1264 5609 1294 5658 et
1306 5618 1368 5658 curu
1382 5600 1479 5673 primis
1487 5596 1623 5656 crassiora
1635 5603 1737 5667 puncta
1751 5608 1811 5652 tutta
1824 5610 1952 5668 qumoue

295 5679 324 5736 p.
337 5663 413 5728 laerte,
428 5679 477 5734 pro
490 5677 510 5724 *t
525 5683 576 5730 rea,
592 5667 662 5724 inter
676 5687 705 5724 so
721 5669 859 5726 dillerunt.
874 5669 928 5726 Nos
941 5670 1012 5728 odeo
1026 5688 1087 5728 cant
1141 5673 1211 5730 loris
1233 5674 1419 5730 ascribuntur.

296 5742 437 5794 detruncant
450 5749 543 5792 vocem
559 5754 636 5793 mette
650 5740 832 5799 contundimus.
848 5742 963 5798 lulerius
976 5759 1088 5815 queunte
1178 5742 1191 5783 ¹
1203 5744 1282 5800 ilunc
1295 5745 1384 5800 lttcrtm
1400 5741 1580 5804 restituimus.
1596 5737 1690 5796 moniti
1704 5753 1720 5795 a
1732 5736 1764 5796 S.
1774 5737 1951 5810 Augustino,

297 5808 398 5878 passim
412 5805 504 5863 iinalia
521 5819 618 5890 puncta
633 5809 700 5875 suis,
716 5809 787 5878 nuttd
802 5827 875 5879 snepc
888 5829 1042 5879 monemus.
1053 5816 1087 5873 ad
1141 5815 1188 5887 tgui
1204 5813 1348 5885 postbtlx
1361 5812 1425 5885 legit
1443 5813 1509 5882 ltcrt',
1524 5828 1578 5872 uon
1602 5807 1708 5878 barm,
1734 5817 1765 5868 ¹¹¹
1785 5811 1953 5884 ⁰¹⁸0¹¹I¹¹⁰r

296 5879 416 5935 enuere
440 5877 566 5938 iectionts
578 5879 647 5940 tittes
670 5881 906 5954 internosceudos,
928 5883 995 5943 locis
1008 5888 1087 5946 adtli·
1142 5887 1246 5945 codicis
1259 5889 1344 5943 riustri
1358 5901 1410 5942 tns.
1423 5884 1511 5940 ilanr.

295 5951 395 6008 diutus.
1183 5959 1192 5998 ¹
1213 5957 1292 6029 Apud
1307 5956 1504 6031 Augustinum‚
1517 5953 1740 6027 superruentium,
1752 5959 1775 6010 et
1795 5955 1904 6027 fucaret.
