4017 6334
279 325 334 386 ors
413 309 423 319 “
787 325 1167 387 s.ntsnonrn1untn.t
1189 328 1429 392 utouturntscn.
1858 349 1902 408 ns

276 442 400 500 dicentes
415 458 423 499 ε
438 440 509 514 Quid
523 442 656 504 iaciemus
670 453 700 503 et
711 447 780 504 nnsi
795 447 828 504 Ε(
841 448 880 504 ait
895 447 949 505 illis
961 465 968 502 :
981 445 1077 504 Nemi·
1091 447 1115 506 Α
1130 446 1187 504 dat.
1210 448 1246 506 Ε(
1270 451 1412 522 respondit
1429 451 1463 509 ad
1486 450 1560 509 illum
1586 450 1685 512 imus:
1706 453 1832 528 Scriptum
1851 473 1902 520 aar:

280 551 344 596 nem
356 535 530 604 concutiatis,
546 554 636 611 neque
650 540 814 597 calumniam
833 541 960 599 laciatis:
974 549 1002 597 et
1015 555 1082 597 con·
1133 540 1202 610 Quia
1226 557 1280 599 uon
1305 545 1332 598 in
1347 543 1407 600 solo
1428 559 1497 614 pane
1527 543 1595 602 viril
1618 544 1706 616 bomo,
1732 549 1776 606 sed
1797 551 1822 611 in
1843 557 1903 612 omni

280 631 350 688 tenti
370 639 460 690 estote
483 633 628 704 stipendiis
651 634 760 692 restris.
787 634 967 691 Existimante
988 641 1081 690 antem
1134 633 1221 690 verbo
1237 633 1295 692 bei.
1311 633 1346 691 Ε(
1358 635 1437 692 duxit
1450 635 1525 692 illurn
1539 635 1688 694 diabolus·
1706 638 1732 694 in
1748 651 1853 700 monum
1866 661 1904 703 er·

281 724 394 798 populu,
411 734 441 782 et
454 726 636 799 cogitantibus
648 727 776 786 omnibus
791 729 819 784 in
830 728 959 786 cordibus
973 727 1033 786 suis
1048 728 1082 786 de
1133 723 1249 792 celsum,
1267 736 1294 782 et
1314 725 1433 784 ostendit
1456 727 1495 784 illi
1519 729 1609 784 omnia
1624 743 1703 798 regua
1719 731 1788 790 orbis
1800 742 1868 790 terrra
1881 738 1904 794 in

279 819 396 888 loanne,
419 837 454 880 oe
483 819 554 879 lorte
580 823 639 894 ipse
664 833 738 880 esset
764 822 891 880 Cbristus
910 840 918 879 ε
939 821 1083 893 respondit
1133 829 1271 876 momento
1285 821 1426 890 temporis,
1442 829 1471 876 et
1483 822 1520 878 ait
1534 821 1591 878 illi:
1613 823 1670 880 Tibi
1684 822 1751 880 dabo
1765 836 1903 895 potestaten

279 912 416 982 loannes,
438 914 534 973 diceus
547 916 684 972 omnibus.
699 917 743 989 lx,
758 914 798 987 1.]
814 915 872 989 Ego
888 915 999 988 quidem
1013 929 1081 986 anna
1133 910 1205 968 banc
1217 911 1382 982 universam,
1406 922 1435 972 et
1453 913 1689 986 gloriam'iliornm
1702 933 1708 972 :
1721 917 1780 988 guia
1791 919 1849 976 mibi
1862 933 1906 978 tra·

283 1005 394 1077 baptizo
408 1021 458 1065 rus
471 1024 479 1064 ε
494 1009 586 1066 reniet
609 1018 700 1064 antem
726 1007 823 1065 lnrtior
846 1025 901 1075 me,
925 1008 1003 1079 cuius
1030 1024 1082 1064 non
1133 1005 1189 1062 dita
1205 1016 1288 1076 sunt,
1302 1017 1330 1064 et
1342 1008 1385 1064 cui
1399 1008 1472 1077 volu,
1488 1009 1524 1064 dn
1535 1009 1591 1064 illa.
1606 1008 1646 1066 ‘ln
1661 1025 1725 1082 ergo
1738 1011 1760 1070 si
1770 1013 1906 1075 adoraverit

279 1115 341 1159 suna
354 1102 452 1174 dignus
463 1102 571 1160 solvere
583 1102 728 1173 corrigiam
742 1103 990 1159 calceamentorum
1005 1101 1080 1172 ejus:
1134 1110 1226 1154 coram
1242 1114 1295 1166 me,
1318 1108 1399 1156 crunt
1421 1111 1464 1156 toa
1479 1101 1580 1157 omnia.
1604 1101 1638 1156 Et
1652 1102 1812 1172 respondens
1825 1104 1904 1179 iutra,

280 1195 340 1266 ipse
354 1209 403 1252 vos
417 1195 564 1265 baptizabit
580 1196 607 1251 in
625 1194 730 1266 Spiritu
743 1205 840 1252 sancto
856 1205 884 1252 et
898 1196 962 1266 igni.
979 1193 1028 1268 [n.
1043 1192 1082 1266 5.]
1133 1191 1201 1249 dixit
1216 1193 1255 1251 illi
1267 1211 1273 1246 ι
1286 1193 1423 1264 Scriptum
1437 1203 1479 1250 est
1492 1213 1497 1248 :
1511 1192 1524 1234 ¹³
1539 1194 1684 1250 bominum
1699 1204 1771 1252 tuum
1782 1198 1902 1270 adorabis,

279 1289 364 1362 cuins
381 1290 564 1347 ventilabrum
581 1292 608 1346 in
625 1306 705 1347 matttt
720 1291 793 1362 ejus,
809 1301 836 1346 et
851 1290 978 1362 purgabit
989 1305 1081 1348 areum
1134 1291 1162 1340 et
1176 1283 1216 1340 illi
1229 1283 1281 1342 soli
1302 1286 1417 1342 seruies.
1443 1285 1477 1342 Et
1496 1286 1579 1368 dnrit
1596 1286 1673 1342 illuni
1688 1289 1715 1344 ln
1727 1286 1873 1360 Jerusalem,
1885 1303 1908 1350 et

280 1398 375 1452 tuam,
398 1393 426 1439 et
448 1384 627 1456 congregabit
653 1384 772 1440 triticum
796 1387 822 1440 in
846 1386 976 1442 ltorrennt
990 1401 1082 1451 suum,
1134 1377 1228 1432 Sillim
1241 1392 1303 1434 ΝΗ]
1316 1394 1398 1450 ειῬθῑ
1414 1379 1523 1448 Wlfflin
1536 1381 1641 1452 lembus
1655 1390 1682 1438 θ]
1696 1381 1763 1438 (Ῑῑῐῑῑ
1776 1383 1860 1441 iffissSi
1870 1385 1904 1442 Fi·

279 1476 372 1548 paleas
387 1484 476 1533 autem
501 1479 646 1534 comburet
672 1477 727 1548 igni
751 1478 977 1550 inexstinguibili.
1000 1479 1083 1535 llulta
1133 1469 1186 1526 llus
1209 1470 1257 1527 Dei
1278 1487 1318 1538 es,
1344 1472 1467 1530 mittete
1492 1475 1554 1531 binc
1576 1473 1715 1532 deorsum.
1737 1476 1858 1549 Scriptum
1873 1489 1907 1538 ert

279 1568 391 1640 quidem
419 1578 447 1625 et
478 1568 532 1626 alia
559 1573 709 1626 exhortans
738 1573 943 1643 evangelizabat
970 1573 1081 1643 pupulo.
1134 1565 1206 1620 enini
1220 1565 1293 1637 quod
1309 1566 1412 1638 angelis
1434 1569 1491 1624 suis
1505 1569 1644 1626 mandauit
1658 1570 1692 1625 de
1714 1581 1750 1639 te,
1774 1582 1907 1632 utconser·

280 1663 340 1739 [xn,
354 1661 395 1737 2]
409 1663 531 1722 lierodes
543 1673 634 1722 autem
649 1665 801 1736 tetrarcha,
815 1683 877 1723 cnm
894 1669 1082 1738 corriperetur
1136 1667 1201 1715 tent
1224 1667 1268 1715 te:
1288 1668 1316 1714 et
1332 1661 1396 1730 quia
1411 1659 1438 1716 in
1453 1661 1579 1718 inanibus
1593 1661 1688 1720 tollent
1702 1673 1737 1731 te,
1753 1680 1785 1720 ne
1798 1663 1860 1722 lune
1870 1665 1906 1722 ol-

280 1757 317 1814 ab
330 1755 378 1812 illo
390 1755 425 1814 de
436 1755 591 1814 lierodlade
602 1773 690 1822 uxore
700 1758 792 1816 lrntris
805 1762 857 1826 sui,
870 1761 943 1817 etde
955 1762 1083 1818 omnibus
1136 1752 1230 1810 [endas
1240 1754 1272 1808 ad
1284 1753 1401 1825 lapidem
1413 1755 1510 1828 pedem
1518 1765 1604 1814 mum.
1616 1757 1652 1814 Ε(
1664 1757 1907 1831 respondentium,

282 1851 379 1919 malis,
402 1867 464 1924 qnae
491 1851 557 1910 lectt
585 1854 722 1923 limones,
750 1856 850 1925 udjuuir
873 1866 902 1914 ut
928 1857 980 1913 tiuu
1001 1873 1084 1930 super
1098 1842 1122 1904 tt
1136 1849 1174 1905 ait
1188 1849 1226 1904 illi
1241 1867 1247 1904 :
1263 1848 1370 1906 Dictum
1391 1861 1452 1907 cst:
1474 1852 1532 1907 Non
1553 1852 1671 1909 tentabis
1694 1853 1909 1912 bominnnlleun

282 1945 385 2011 omnia,
410 1955 439 2002 et
465 1945 575 2003 inclusit
602 1947 737 2004 iuauuuru
763 1950 790 2006 in
817 1965 941 2009 caruere,
962 1951 1032 2024 inu,
1048 1952 1084 2024 1,(
1137 1949 1224 1998 tuum.
1240 1943 1274 1999 Ε(
1283 1953 1470 2000 consummata
1485 1943 1560 2000 ottlni
1578 1945 1738 2013 tentatione,
1753 1945 1865 2002 diabolus
1877 1961 1909 2002 re-

282 2036 395 2095 Factum
410 2047 455 2095 est
471 2049 563 2098 antem
577 2054 640 2097 cunt
655 2042 840 2114 baptizaretur
854 2046 943 2100 otrrnis
958 2045 1085 2118 populus,
1137 2036 1218 2094 cessit
1229 2035 1263 2092 ³¹¹
1277 2034 1334 2101 1¹¹⁰·
1351 2051 1437 2108 usquc
1451 2037 1485 2092 id
1501 2049 1618 2108 tempus.
1637 2038 1714 2112 latit,
1731 2037 1910 2112 liburnus

285 2139 313 2188 et
327 2128 391 2187 lesu
412 2130 570 2204 baptizato,
585 2143 612 2188 ct
634 2145 745 2204 orante,
767 2146 890 2208 apertum
909 2147 952 2193 est
966 2137 1085 2196 coelum:
1137 2141 1184 2186 sut
1194 2139 1236 2184 est
1247 2128 1326 2185 iesus
1340 2128 1365 2184 in
1377 2129 1479 2186 virtute
1491 2130 1609 2201 Spiritus
1621 2129 1649 2186 in
1661 2129 1805 2199 Galilaeam,
1819 2139 1843 2186 ct
1854 2133 1910 2186 lint

285 2232 315 2280 et
338 2223 478 2292 descendit
493 2224 612 2297 Spiritus
627 2237 738 2284 sanctus
762 2229 896 2300 corporali
911 2231 1004 2300 specie
1019 2231 1088 2287 sieut
1138 2222 1202 2276 essii
1219 2238 1266 2293 per
1280 2222 1435 2278 universam
1449 2223 1589 2295 regionem
1612 2222 1647 2279 de
1661 2222 1718 2279 illu.
1735 2223 1769 2278 Ε(
1779 2221 1832 2294 ipse
1843 2221 1910 2278 docc-

284 2316 412 2374 mtmntm
427 2317 453 2374 in
469 2317 558 2390 ipsum
572 2338 578 2373 ι
593 2329 622 2376 st
633 2335 686 2376 rm
700 2320 735 2377 de
754 2322 825 2378 coeto
837 2321 908 2378 tacta
922 2331 985 2379 est:
1002 2323 1042 2378 nu
1057 2337 1087 2380 es
1137 2314 1185 2370 hat
1200 2315 1225 2369 in
1241 2315 1387 2388 runasosis
1411 2330 1519 2382 eurum,
1542 2327 1569 2372 u
1593 2315 1849 2388 moguntinensium
1862 2331 1911 2370 nu-

285 2408 372 2466 Filiua
388 2425 467 2468 tuens
479 2411 607 2480 dilectus,
624 2413 652 2469 in
668 2423 694 2469 te
706 2413 858 2485 complacui
871 2415 948 2471 milti.
965 2415 1032 2488 [arn
1048 2413 1087 2488 5.]
1138 2407 1229 2464 nibili-
1244 2407 1332 2482 [illus
1351 2407 1406 2481 ¹⁰]
1427 2407 1460 2465 Εἰ
1473 2409 1547 2465 vellii
1559 2408 1704 2479 Nazareth,
1722 2410 1766 2467 ubi
1777 2417 1830 2466 elli
1841 2409 1911 2466 nlili-

285 2503 322 2560 Ε(
333 2504 391 2577 ipse
408 2503 558 2562 iesuserat
571 2505 707 2576 incipient
719 2507 798 2578 quasi
814 2523 949 2564 annornm
966 2509 1087 2580 triginta,
1140 2508 1192 2568 tus,
1211 2511 1239 2556 ct
1252 2501 1363 2558 intrauit
1381 2501 1533 2560 secundum
1554 2503 1775 2560 consuetudinem
1797 2519 1864 2560 suant
1876 2501 1911 2558 die

285 2608 314 2656 ut
336 2599 493 2672 putabatur,
510 2599 584 2656 lilius
606 2600 721 2672 ioseph,
738 2602 785 2674 qui
811 2601 862 2659 tuit
884 2601 956 2669 nuti,
972 2603 1018 2674 qui
1039 2601 1089 2659 sun
1139 2594 1245 2650 sabbati
1256 2595 1282 2651 in
1294 2610 1472 2670 synagogam,
1485 2607 1512 2652 ct
1525 2598 1649 2654 surrexit
1664 2597 1761 2671 legere.
1777 2595 1912 2654 Ettraditut

286 2691 400 2760 llatlrat,
411 2693 458 2764 uui
469 2692 520 2748 luit
531 2691 610 2760 Leni,
622 2695 668 2764 qui
679 2693 732 2750 luit
743 2694 852 2762 ilolclri,
866 2695 912 2766 uui
926 2695 977 2750 luit
989 2695 1086 2764 lanne,
1139 2698 1181 2744 est
1194 2688 1230 2743 llll
1253 2688 1322 2744 libet
1336 2686 1413 2744 isaiae
1430 2690 1578 2761 propbetae.
1596 2691 1632 2748 Et
1652 2699 1681 2748 ot
1693 2695 1803 2750 revolvit
1814 2692 1911 2758 librum,

285 2787 333 2858 gui
348 2785 399 2844 init
413 2787 525 2859 Josepb,
546 2789 592 2860 qui
614 2786 664 2845 luit
678 2789 828 2858 tintinnire,
851 2790 897 2861 qui
921 2789 971 2845 luit
992 2790 1087 2858 turus,
1139 2780 1245 2837 invenit
1269 2782 1357 2838 locunt
1378 2783 1423 2839 ubi
1447 2785 1576 2856 scripturn
1598 2797 1677 2842 crat:
1701 2788 1812 2860 Spiritus
1825 2785 1912 2842 banniri

286 2882 333 2954 qui
349 2880 400 2938 luit
414 2881 530 2948 Nabum,
546 2881 592 2954 nui
607 2880 658 2938 luit
681 2883 770 2952 llesli,
794 2884 840 2955 qui
861 2883 1027 2957 lentinuus,
1043 2886 1088 2956 qui
1140 2891 1222 2947 super
1246 2893 1308 2932 tue:
1334 2891 1445 2950 propter
1471 2879 1543 2952 quod
1567 2881 1646 2939 unxit
1668 2895 1723 2950 rne,
1749 2883 1914 2954 evangelizare

285 2974 339 3032 tun
352 2973 475 3044 nubant,
488 2977 535 3046 qut
549 2973 599 3030 lun
610 2973 779 3044 notumne,
796 2977 841 3048 qut
856 2976 908 3032 tnta
923 2977 1027 3046 Semel,
1042 2979 1089 3050 unt
1139 2969 1305 3044 pauperinus
1319 2970 1392 3029 misit
1407 2988 1463 3039 me,
1479 2984 1491 3013 ⁰
1507 2989 1605 3034 sanare
1619 2977 1847 3044 contritoscorde,
1857 2989 1914 3046 pra-

286 3068 339 3126 tun
350 3069 464 3140 tessun,
478 3069 525 3140 unt
540 3069 589 3126 nn
601 3069 686 3136 tuos,
699 3071 744 3141 uun
760 3068 811 3127 tuit
827 3069 1089 3145 subinnuuntur
1140 3062 1231 3120 dicare
1244 3065 1359 3132 munins
1375 3067 1576 3136 remissionem,
1598 3078 1627 3128 et
1642 3071 1723 3128 cacis
1736 3071 1827 3138 risum
1843 3069 1916 3126 dinn-

286 3162 371 3230 mss,
383 3164 428 3235 unt
444 3164 495 3219 tun
509 3163 674 3232 zorobabet,
689 3166 734 3237 unt
751 3164 803 3222 ruit
818 3166 965 3235 saturnal,
980 3169 1026 3239 qut
1039 3168 1089 3225 tun
1141 3165 1198 3214 tere
1218 3157 1371 3216 contractos
1391 3162 1425 3230 iu.
1441 3161 1647 3234 remissionem.
1663 3164 1807 3236 ursorum
1827 3175 1911 3218 uuum

286 3253 361 3323 lieri,
378 3257 424 3326 qui
444 3255 497 3312 luit
515 3256 625 3327 Malunt,
641 3257 688 3327 uui
708 3257 757 3314 luit
767 3258 849 3326 liiii,
864 3262 908 3332 qui
921 3261 972 3316 tuin
982 3241 1121 3330 cummi}
1138 3249 1248 3306 Domini
1258 3261 1409 3320 acceptum,
1421 3263 1449 3309 et
1463 3253 1534 3310 dictn
1550 3256 1749 3315 retributionis.
1764 3257 1795 3314 lit
1805 3271 1859 3311 cunt
1874 3253 1914 3324 pli·

288 3349 334 3421 qil}
359 3348 410 3406 fui!
434 3349 580 3419 Elmadan,
605 3354 653 3424 qui
671 3353 722 3410 fuit
745 3355 809 3422 Her,
827 3357 872 3428 (1(ιί
889 3355 1026 3427 sumgar,
1042 3359 1088 3430 qui
1139 3344 1240 3402 buissel
1260 3345 1368 3416 librant,
1392 3348 1510 3405 reddidit
1541 3350 1720 3421 mittislro,el
1737 3351 1814 3410 Sedii·
1830 3351 1915 3406 Eloru-

286 3441 337 3498 iuit
350 3442 468 3512 Eliezer,
482 3445 528 3517 gni
543 3445 593 3501 luit
606 3445 707 3525 doritn,
724 3447 771 3517 nui
786 3448 837 3505 luit
850 3449 962 3514 tlatlnt.
978 3450 1025 3522 qui
1038 3451 1088 3508 luit
1139 3442 1214 3496 ”5⁰⁰¹
1229 3443 1255 3498 in
1270 3456 1406 3514 ⁸ill-ltisltl
1428 3443 1500 3502 oculi
1516 3454 1595 3502 erant
1607 3447 1789 3504 intendentes.
1803 3445 1827 3502 in
1844 3457 1913 3502 elil:

287 3532 366 3601 Lori,
380 3533 428 3606 qui
442 3535 494 3591 luit
508 3535 632 3606 Simeon,
644 3536 691 3610 qni
701 3537 752 3595 luit
762 3539 843 3610 larda,
853 3543 899 3612 qui
913 3542 1086 3615 iuitJoseplt,
1139 3534 1228 3605 Coeptit
1241 3545 1329 3592 nartem
1344 3537 1435 3608 dicere
1444 3537 1477 3595 ad
1493 3538 1556 3595 illos
1571 3557 1576 3592 :
1593 3540 1663 3607 Quia
1679 3540 1759 3598 nudie
1772 3538 1870 3610 impleto
1880 3543 1914 3592 cst

287 3629 334 3702 gui
350 3627 399 3684 luit
411 3628 493 3701 iona,
517 3631 564 3702 qui
588 3630 639 3688 luit
660 3631 787 3702 Elisium,
803 3635 849 3706 (ιιῑ
867 3635 918 3693 tuit
931 3637 1026 3711 uulua,
1041 3639 1088 3711 qut
1139 3627 1199 3686 inec
1212 3630 1347 3700 scriptura
1362 3629 1390 3686 in
1405 3632 1518 3690 auribus
1534 3635 1643 3690 restris.
1660 3633 1727 3708 lxta,
1743 3634 1914 3708 illinuntur

287 3720 339 3779 init
353 3721 462 3790 bienna,
478 3725 523 3797 qni
547 3723 598 3781 luit
611 3724 761 3794 iialbatba,
778 3728 824 3801 (ιυί
837 3728 886 3786 luit
907 3729 1027 3800 Natltan,
1041 3733 1088 3803 nui
1140 3722 1324 3780 testimonium
1352 3724 1389 3780 illi
1410 3724 1533 3783 dabant:
1555 3735 1584 3784 ct
1607 3727 1776 3786 mirabantur
1794 3725 1819 3782 in
1839 3720 1914 3780 rerbis

285 3813 341 3871 luit
363 3814 459 3882 David,
475 3817 521 3886 (ιυί
545 3815 596 3873 tun
619 3816 713 3888 Jeme,
729 3820 775 3890 qui
791 3820 842 3876 init
864 3821 951 3889 obed,
968 3823 1015 3893 (ιυί
1037 3823 1090 3882 luit
1138 3815 1319 3887 Si³15ae2l¹¹ae
1334 3817 1518 3887 procedebant
1533 3819 1627 3878 ΰθθΐθ
1642 3818 1913 3894 ibsilssrsslffloebi¹¹¹²

287 3907 372 3974 linuz,
386 3908 433 3980 qui
449 3907 501 3965 luit
515 3908 639 3979 Salmon,
666 3911 713 3983 (ιυί
734 3911 786 3968 luit
811 3913 946 3980 Naasson,
969 3915 1015 3988 qtri
1040 3917 1089 3974 luit
1138 3908 1234 3966 Nonne
1247 3909 1291 3966 lric
1310 3919 1353 3968 est
1375 3911 1447 3968 tilius
1459 3911 1584 3986 loscplrl
1604 3914 1662 3988 [xm
1680 3915 1736 3989 lb]
1751 3914 1785 3972 Ε(
1804 3911 1838 3969 ait
1850 3911 1913 3968 illis:

286 4000 452 4072 dminadab,
467 4001 513 4074 (ιυί
530 4001 580 4058 luit
600 4001 695 4070 braun,
720 4005 765 4074 (ιυί
791 4004 841 4060 luit
865 4006 964 4074 Saron,
978 4010 1023 4079 uui
1038 4008 1088 4065 luit
1109 4046 1112 4052 .
1139 3999 1238 4073 Utique
1259 4001 1356 4059 dicetis
1378 4004 1444 4060 milri
1468 4003 1538 4062 banc
1565 4007 1789 4066 similitudinem:
1812 4005 1914 4070 iledice,

287 4093 401 4159 Pharos,
415 4093 462 4164 uui
478 4093 528 4150 luit
541 4094 630 4163 tudae,
641 4096 686 4167 qni
703 4096 860 4164 lnitJacob,
876 4100 923 4170 qrri
937 4099 986 4156 luit
1000 4101 1086 4173 isaac,
1138 4111 1202 4152 cura
1219 4098 1365 4168 teipsum:
1381 4108 1481 4170 quanta
1497 4101 1651 4160 audirimus
1671 4102 1741 4160 iacta
1765 4103 1790 4158 in
1811 4097 1914 4170 Caphar·

287 4187 334 4260 gui
349 4186 402 4243 luit
415 4185 545 4252 tibrabae,
567 4187 613 4258 qni
637 4187 688 4244 luit
710 4188 811 4257 Titare,
834 4191 881 4262 uui
902 4191 954 4247 luit
968 4193 1086 4264 Nacbnr,
1138 4205 1231 4257 ntuli·
1244 4189 1286 4248 sic
1301 4202 1328 4248 ‘³²
1348 4191 1393 4249 ¹¹50
1408 4193 1434 4248 ill
1448 4195 1532 4264 utilit
1550 4204 1604 4252 itti·
1627 4195 1695 4270 [¹¹¹.
1713 4195 1750 4270 i·]
1764 4195 1913 4253 Αἰῑθΰῑθῠῑῑ

288 4279 336 4352 qni
349 4281 399 4336 lnit
411 4279 511 4353 Sarug,
527 4282 573 4353 qui
588 4281 640 4338 lnlt
654 4281 758 4354 liagau,
781 4287 826 4356 gui
842 4286 892 4342 luit
914 4289 1026 4362 Pinaleg,
1040 4293 1086 4363 qrri
1139 4285 1225 4340 Anien
1239 4283 1301 4341 dicu
1316 4285 1403 4354 robis,
1426 4287 1488 4356 utria
1505 4304 1586 4345 nemo
1602 4291 1734 4360 propbeta
1754 4299 1870 4358 acceptus
1882 4289 1915 4338 est

288 4374 340 4431 lon
355 4374 457 4444 tteber,
480 4377 526 4447 uui
541 4374 592 4432 tnta
606 4375 682 4442 Sale,
697 4382 743 4450 qni
764 4379 815 4436 nult
829 4380 949 4453 cainan,
970 4383 1016 4456 unt
1037 4385 1088 4442 tun
1139 4375 1165 4432 tn
1182 4377 1267 4448 patria
1283 4393 1341 4434 sna.
1357 4379 1385 4434 tn
1397 4381 1516 4438 veritate
1538 4381 1599 4438 dico
1621 4385 1717 4449 robis.
1741 4383 1828 4440 mutua
1841 4377 1915 4435 riom

288 4468 447 4540 Arpbaxad,
472 4471 518 4543 qrti
540 4469 591 4526 luit
616 4471 692 4538 Sem,
719 4474 764 4542 gui
794 4472 844 4530 luit
870 4475 945 4544 Nus,
970 4481 1015 4550 qui
1038 4479 1088 4536 luit
1138 4482 1215 4528 erant
1228 4470 1254 4525 in
1269 4471 1365 4528 diebus
1382 4471 1448 4528 Elius
1464 4475 1490 4529 in
1506 4474 1609 4545 lsrael,
1632 4475 1742 4546 quando
1756 4476 1866 4532 clattsutn
1882 4474 1915 4524 tsi

287 4559 419 4631 Lanrecb,
431 4563 476 4634 qui
487 4561 539 4618 tuit
551 4562 713 4634 llatlrnsale,
725 4565 771 4637 qui
783 4566 835 4623 init
846 4567 967 4635 lienocb,
980 4573 1026 4642 qni
1039 4572 1087 4629 luit
1138 4563 1237 4620 coelum
1252 4565 1330 4622 annis
1342 4565 1428 4623 tribus
1442 4578 1470 4624 et
1482 4569 1620 4626 mensibus
1631 4584 1692 4637 sex,
1709 4585 1769 4627 cnm
1784 4570 1847 4626 lacta
1856 4569 1916 4622 esset
1980 4573 1981 4580 ¹

287 4655 434 4728 iaredqui
446 4654 496 4711 luit
507 4656 631 4714 Malaleel
641 4657 832 4734 [lia.ilalecl]‚
842 4662 888 4733 qui
900 4661 1083 4734 luitcainunr,
1098 4640 1125 4702 Ῑ)
1139 4657 1224 4715 larnes
1239 4674 1334 4732 magna
1361 4662 1477 4718 inomni
1494 4672 1582 4721 terra:
1607 4673 1635 4722 ct
1656 4665 1690 4722 ad
1712 4666 1809 4724 nullam
1824 4661 1914 4719 illarum

287 4751 335 4822 qui
350 4749 400 4806 luit
421 4747 524 4822 lienus,
547 4750 594 4823 gui
609 4750 661 4808 luit
682 4751 759 4821 Seth,
775 4753 821 4825 qui
845 4754 896 4811 luit
920 4755 1019 4826 Adam,
1040 4760 1085 4830 qui
1139 4751 1238 4810 missus
1251 4763 1292 4810 est
1305 4753 1391 4823 Elias,
1407 4755 1458 4812 nisi
1469 4756 1496 4812 in
1512 4757 1625 4830 Sarepta
1643 4758 1774 4828 Sidoniac,
1790 4756 1819 4814 nd
1834 4755 1915 4813 mulie-

286 4839 339 4899 init
352 4841 411 4898 liei.
1138 4861 1195 4903 rent
1219 4847 1339 4903 rldnatn.
1356 4849 1390 4906 Ε(
1403 4849 1478 4906 rnulti
1501 4852 1601 4922 leprosi
1627 4861 1704 4910 erant
1724 4854 1750 4908 in
1777 4850 1852 4908 lsrael
1873 4843 1914 4902 sub

324 4937 410 5013 [Cup.
430 4938 475 4997 lil.
498 4954 551 5009 rr,
575 4939 623 5015 2.]
648 4939 729 4998 lesns
740 4951 831 4998 autem
860 4943 957 5016 plenus
983 4944 1085 5015 Spiritu
1138 4939 1236 4998 liliano
1250 4943 1382 5013 propheta
1397 4961 1404 4999 ε
1420 4953 1448 5002 et
1465 4926 1545 5002 tremo
1560 4961 1652 5004 eorum
1668 4947 1812 5004 mundatus
1824 4949 1860 5000 est
1873 4936 1914 4997 nisi
1978 4943 1979 4988 i

288 5041 384 5094 sarrcto
405 5047 548 5105 regressus
567 5043 636 5090 esta
653 5031 775 5090 iordane
787 5054 795 5090 :
806 5044 835 5091 et
849 5036 980 5106 agebatur
995 5037 1085 5108 aspi·
1137 5035 1256 5092 Naaman
1273 5036 1337 5110 [lla.
1352 5037 1467 5113 Neman]
1483 5041 1579 5114 Syrus.
1605 5040 1638 5098 Ε(
1651 5041 1748 5115 repleti
1763 5047 1822 5097 sunt
1834 5046 1914 5093 omnes

287 5128 385 5185 ritulo
400 5125 550 5194 desertum,
568 5126 664 5183 diebus
684 5126 872 5198 quadraginta,
893 5130 1086 5187 ettentabntnr
1138 5129 1164 5186 in
1178 5145 1313 5204 synagoga
1335 5132 1385 5205 ira,
1409 5132 1467 5190 iraec
1488 5133 1640 5191 attolentes.
1656 5132 1913 5196 sustinetsustinet
1977 5135 1978 5191 l

288 5219 437 5278 adiabnlo.
462 5219 530 5294 iun,
551 5217 592 5292 5.]
609 5220 643 5276 Ε(
656 5219 722 5276 nibil
748 5220 924 5279 manducavit
944 5222 973 5281 in
989 5222 1085 5282 diebus
1138 5224 1278 5295 ejecerunt
1292 5224 1366 5280 illum
1382 5235 1461 5281 entra
1484 5225 1645 5283 civitatem:
1667 5235 1697 5283 et
1710 5221 1912 5283 duxcmntillon
1976 5287 1977 5296 ἒ

285 5312 355 5370 illis:
378 5321 407 5370 et
416 5314 614 5371 consummatis
635 5312 833 5381 illis,esuriit.
855 5313 929 5372 Dixit
940 5324 1030 5372 antem
1047 5317 1085 5373 illi
1138 5333 1224 5389 trsgue
1246 5317 1279 5372 ad
1301 5317 1478 5388 supercilium
1502 5319 1614 5390 montis,
1640 5334 1723 5394 super
1743 5331 1819 5388 nuent
1832 5312 1913 5370 ciritas

287 5404 412 5464 diabolus
428 5407 477 5465 :Si
487 5405 574 5464 Filius
587 5407 636 5464 lici
657 5421 698 5477 os,
719 5406 765 5465 dic
784 5405 868 5482 lapidi
888 5410 949 5468 lndc
962 5421 991 5468 ut
1007 5411 1086 5482 panis
1138 5413 1247 5469 illorum
1269 5420 1328 5467 erat
1348 5410 1495 5484 ndtncau,
1515 5422 1546 5470 ut
1569 5414 1849 5484 praecipitarenteum.
1863 5404 1912 5471 ipsc
1975 5439 1976 5444 κ

325 5569 443 5628 “Verbo
461 5571 488 5626 in
511 5582 626 5628 montem
645 5569 793 5640 carebunt,
818 5583 879 5643 quae
892 5579 921 5626 et
934 5571 960 5626 in
981 5569 1084 5628 crucis
1133 5567 1237 5626 Sixtinn
1252 5567 1353 5634 Editio,
1369 5570 1390 5626 ai
1405 5570 1545 5642 procidens
1557 5570 1707 5626 adoraveris
1720 5585 1769 5624 me.

287 5642 449 5718 quibusdam
470 5642 547 5700 libris
567 5642 776 5714 desiderantur,
791 5641 820 5699 in
834 5650 959 5700 nentroe
975 5641 1085 5714 lleginae
1171 5651 1183 5680 ⁰
1204 5640 1255 5697 llic
1270 5641 1367 5697 iterum
1380 5642 1474 5708 rerba,
1492 5659 1586 5700 suamc
1601 5643 1725 5698 contritos
1739 5638 1824 5701 corde,
1837 5643 1910 5700 tunna
1974 5661 1975 5666 κ

287 5733 354 5775 ross.
367 5726 441 5773 snm.
1133 5711 1238 5769 Gracia
1254 5713 1392 5770 nonnullis
1412 5714 1553 5772 codicibus
1567 5715 1728 5780 reticentur,
1741 5711 1833 5768 absunt
1848 5713 1871 5762 et
1882 5701 1910 5756 ab

323 5785 646 5858 ¹‘interseruntlleginau
670 5801 737 5844 mss.
753 5785 931 5857 bertmundi
945 5793 1086 5841 nontunet
1133 5781 1378 5870 ntroqneileginn
1394 5801 1457 5852 nts.;
1478 5786 1606 5844 inaltero
1629 5794 1721 5844 antem
1741 5783 1909 5841 Vaticauose·
1973 5827 1974 5858 ἶ

287 5861 384 5920 (irnca
404 5859 524 5919 retinent
543 5857 719 5930 exemplaria.
743 5857 829 5916 Panlo
847 5865 911 5914 ante
926 5856 987 5931 plus
1002 5857 1085 5916 nabet
1134 5855 1229 5916 cundts
1244 5855 1318 5913 curis
1332 5865 1395 5914 sont
1406 5856 1508 5915 addita.
