4017 6334
232 301 286 367 599
738 299 769 359 S.
790 296 981 358 HlEiiOiinil
999 295 1118 356 nivini
1135 291 1375 356 uinitorunci.
1751 282 1772 331 ¹·
1830 285 1875 346 itt

237 405 1868 442 „mm-...m—

680 563 992 640 nnntonlutt)
1024 561 1072 636 J.
1109 557 1443 636 MARTIANAEI

638 743 672 799 uu
690 743 776 797 onus
795 742 980 806 sponsurus
1001 738 1233 796 PRAEFATtotins
1251 739 1277 792 s.
1295 736 1485 822 musonius.

270 1065 372 1129 Prater
382 1071 518 1128 uolumina
529 1070 592 1130 lobi
607 1089 640 1129 ac
653 1071 793 1130 ilauidisa
809 1073 885 1130 nobis
895 1077 955 1149 fam
968 1074 1057 1145 edito,
1073 1075 1173 1148 periere
1189 1073 1275 1132 reteri
1289 1073 1349 1131 libri
1363 1075 1448 1147 scari,
1469 1091 1535 1150 quos
1554 1072 1734 1147 Hieronymus
1753 1071 1786 1128 de
1800 1069 1883 1128 Graes

238 1166 435 1239 diiiyentissime
447 1167 611 1235 emundatos,
626 1167 724 1223 additis
738 1168 847 1239 insuper
860 1168 947 1224 obelis
967 1179 991 1224 et
1004 1167 1160 1236 asteriseiS,
1177 1169 1276 1242 linyuas
1288 1186 1345 1225 sule
1361 1169 1487 1226 studiosis
1501 1168 1667 1237 bominibus,
1680 1167 1708 1221 id
1722 1175 1777 1236 est,
1792 1164 1885 1223 Latinis

235 1257 370 1314 tribuerat.
384 1258 534 1330 Supersunt
548 1266 649 1313 tontum
658 1257 718 1314 duce
728 1257 954 1329 Preefatiunsuloe,
966 1273 1026 1331 pua
1048 1258 1121 1314 libris
1133 1256 1355 1332 Paralipomenon
1368 1275 1398 1314 ac
1414 1259 1567 1316 Salomonis
1580 1266 1654 1314 cram
1667 1257 1752 1329 affice
1762 1257 1797 1311 ad
1808 1255 1886 1312 decla-

234 1350 365 1405 rationem
378 1352 452 1422 ejus,
468 1348 538 1420 quod
555 1347 733 1421 Hieronymus
752 1349 907 1420 prestiterat
923 1349 951 1403 iu
966 1349 1118 1426 iruy'nsmodi
1132 1348 1347 1407 translationibus
1365 1366 1396 1406 es
1416 1349 1509 1407 Graeco
1528 1351 1642 1406 Latinis.
1661 1348 1742 1405 Furit
1759 1349 1844 1418 Heus,
1862 1357 1886 1404 ut

236 1443 362 1514 equalem
376 1440 489 1496 isabeant
504 1439 545 1497 illi
559 1440 620 1498 iibri
636 1451 732 1497 sortem
746 1457 803 1498 eum
817 1440 880 1499 lobi
897 1440 1043 1510 uolumine,
1058 1439 1129 1513 yuod
1142 1451 1248 1516 escepta
1261 1441 1380 1514 ejusdem
1392 1443 1547 1518 prefatione
1559 1441 1685 1499 ineditum
1703 1440 1739 1497 acl
1752 1457 1800 1498 nos
1816 1457 1888 1512 usyue
1988 1455 1989 1458 ’

230 1533 337 1610 joscius
349 1534 378 1589 in
392 1535 517 1602 tenebris,
529 1550 599 1591 nunc
616 1542 703 1590 autern
717 1535 846 1608 inteyrum
859 1552 890 1591 as
905 1534 1101 1591 immaculatum
1116 1535 1143 1588 iu
1158 1532 1242 1590 lucem
1261 1535 1388 1608 prodiisse
1400 1534 1554 1608 puniemus.
1572 1531 1608 1590 id
1625 1535 1713 1601 ipsum
1728 1532 1844 1602 epuidem
1861 1532 1888 1589 de
1988 1533 1989 1592 i

239 1627 452 1703 Paralipomenis
472 1638 498 1685 et
515 1629 637 1701 operibus
650 1629 802 1687 Solomonis
815 1645 920 1704 sperare
933 1629 1008 1685 nolis
1024 1627 1127 1699 liceret,
1141 1629 1164 1685 si
1178 1629 1266 1701 piures
1277 1637 1361 1688 essent
1376 1646 1407 1686 ac
1419 1629 1557 1704 diiipentes
1572 1626 1771 1700 scripturarum
1781 1626 1888 1699 indoys·
1988 1621 1989 1684 i

241 1731 320 1789 tores,
335 1723 381 1794 oui
391 1721 481 1778 labore
497 1722 617 1793 improbo
627 1729 714 1778 retern
731 1737 866 1778 sacrorum
877 1720 1025 1777 Bibliorum
1041 1718 1186 1776 coaluerant
1199 1733 1365 1776 monumento
1378 1719 1406 1776 in
1424 1719 1538 1792 antiquis
1551 1716 1889 1774 Ecclesiarnmosrlsisisne
1988 1711 1989 1796 f

239 1812 421 1870 Bibliotlrecis.
438 1813 586 1894 Hyrtamur
599 1815 687 1888 itayne
702 1815 780 1871 etiam
792 1823 869 1886 atyue
880 1815 959 1869 etiarn
972 1813 1104 1870 studiosos
1118 1831 1216 1884 omnes,
1231 1815 1296 1871 utri
1311 1815 1355 1887 pai
1367 1815 1512 1887 sintpener
1526 1815 1598 1883 ipsos
1611 1810 1783 1886 manuscripti
1793 1811 1889 1866 codices
1988 1801 1989 1868 Ϊ

241 1902 320 1978 ἀπὶ,
337 1909 476 1983 diliyenter
494 1911 645 1968 comeditis
660 1927 703 1968 eos
721 1911 844 1982 conferre
859 1926 912 1966 non
925 1917 1078 1981 prouentus.
1094 1906 1135 1964 Ha
1149 1907 1198 1962 iroc
1217 1907 1285 1963 enirn
1298 1907 1462 1964 contentione
1475 1907 1554 1980 facile
1569 1905 1791 1978 deprehenditur,
1806 1919 1891 1978 super·

237 2004 291 2058 sint
302 2005 456 2072 etiamnum,
472 2022 552 2062 necne
565 2006 723 2080 Hieronymi
737 2007 868 2063 versiones
880 2003 1074 2078 Lotiruejuuta
1086 2003 1176 2076 LXX,
1192 2005 1305 2062 manime
1319 2007 1342 2061 si
1356 2007 1430 2062 intro
1443 2023 1548 2063 oncrum
1561 2007 1796 2081 eontenlnmsiyna
1813 2004 1891 2062 obsis-

237 2112 298 2152 rum
308 2105 332 2153 et
341 2097 523 2153 asteriscorum
532 2098 678 2172 tepentibus
687 2099 860 2155 occurrerint.
877 2096 1015 2169 Ofeiicem
1027 2107 1130 2155 etatem
1144 2107 1273 2171 nostram,
1286 2101 1310 2156 si
1323 2111 1382 2173 post
1394 2101 1493 2158 editum
1509 2101 1641 2158 Canonern
1656 2101 1795 2158 Hebraicis
1807 2100 1892 2156 serito·
1988 2087 1989 2148 i

238 2191 286 2262 tis,
300 2189 484 2250 translationes
498 2209 600 2266 yuooue
610 2194 738 2250 uniuersa
749 2193 782 2248 ab
795 2191 959 2264 Hieronymo
973 2192 1137 2249 concimratar
1153 2193 1189 2248 ad
1207 2191 1313 2250 Grecos
1327 2195 1356 2250 in
1370 2195 1498 2267 inteyrum
1511 2194 1728 2252 restituerentur!
1743 2193 1891 2263 Quaeramus

237 2285 320 2358 ipitur
334 2286 489 2359 quicumque
506 2285 629 2342 utilitatis
643 2285 756 2358 publica
773 2285 871 2342 esuiori
891 2300 1000 2354 sumus,
1017 2285 1113 2358 aperiet
1130 2285 1222 2357 forsan
1238 2286 1375 2363 tirerouros
1388 2285 1475 2342 adbuc
1493 2287 1646 2343 reconditor
1660 2285 1709 2343 iile
1721 2327 1729 2358 ,
1743 2286 1789 2359 yut
1799 2285 1893 2355 ,disits

238 2377 380 2448 Quaerite,
393 2386 423 2436 et
436 2377 594 2438 inuenietis.

275 2469 405 2527 Carnum
418 2472 446 2527 in
460 2473 598 2543 superstite
613 2471 768 2544 prefatione
781 2469 816 2526 ad
830 2469 1050 2545 Paralipomena,
1068 2469 1095 2526 in
1109 2471 1201 2542 primis
1215 2473 1360 2530 notandum
1378 2475 1463 2543 uenit,
1480 2475 1672 2548 Hieronymum
1685 2492 1737 2531 non
1755 2472 1893 2533 eoGrecis

239 2564 446 2639 exemplaribus,
462 2563 508 2622 sed
522 2581 554 2620 roc
573 2564 687 2621 Hebron
706 2563 856 2622 emendasse
873 2564 942 2620 lunc
956 2563 1063 2620 librum.
1085 2565 1226 2638 desumpto
1246 2581 1357 2637 nomyne
1373 2568 1438 2640 lepis
1457 2567 1563 2625 doctore
1576 2566 1649 2640 opud
1669 2567 1893 2639 iudoeosiuclyto,

238 2668 322 2716 toturn
336 2657 457 2714 uolumen
471 2656 695 2731 Paralipomenon
707 2673 768 2712 cnm
780 2673 810 2712 eo
823 2656 936 2712 eontulit
947 2672 963 2709 a
975 2656 1070 2711 uertice
1083 2673 1163 2728 usqne
1179 2657 1215 2711 ad
1227 2665 1370 2714 extremum
1385 2674 1513 2730 unyuem,
1529 2660 1599 2732 quod
1613 2659 1679 2716 liber
1691 2659 1739 2716 rlle
1754 2657 1895 2716 Nominum

239 2755 272 2809 in
287 2750 384 2806 Grecis
399 2760 425 2806 et
436 2746 538 2804 Lutinir
553 2748 686 2804 codicibus
700 2749 738 2803 ito
756 2747 914 2820 scriptorum
925 2746 987 2800 uitio
1009 2745 1101 2817 fuisset
1113 2745 1279 2820 depravatus,
1296 2756 1324 2802 nt
1339 2765 1392 2802 uon
1406 2758 1459 2803 tous
1476 2747 1587 2805 Hebraea
1601 2765 1679 2822 ynam
1696 2749 1819 2805 Barbara
1828 2764 1896 2821 yne-

240 2846 304 2900 dam
316 2861 347 2898 nc
360 2842 508 2900 Sarmatica
518 2841 624 2896 nomina
637 2839 881 2913 liaberetconp'ecta.
895 2837 968 2893 Hinc
982 2853 1085 2892 necesse
1098 2847 1152 2894 erat
1166 2837 1308 2896 adbocsisse
1319 2837 1488 2896 Hebruarum
1496 2840 1623 2911 fontibus,
1637 2841 1681 2896 ubi
1693 2843 1804 2897 nomina
1814 2839 1898 2897 istinc

239 2929 373 2994 distinctis
379 2935 523 2991 interuallis
533 2933 636 3003 posito,
649 2931 756 3004 suisque
766 2928 875 3002 syllabis
891 2928 1011 3002 apposite
1024 2929 1159 3000 descripta
1173 2929 1305 3001 ieyuntur.
1322 2926 1425 2986 Deinde
1439 2931 1518 2986 etiam
1531 2929 1601 2985 illud
1615 2931 1815 3002 attendendum,
1826 2929 1892 3004 quod

240 3046 299 3086 cum
314 3026 494 3101 Hieronymus
509 3027 725 3098 undiqueversum
739 3041 771 3081 ea
783 3025 839 3080 suis
853 3023 1064 3096 prefatiunculis
1078 3025 1227 3082 testimonia
1244 3023 1377 3098 colieyerit
1394 3026 1431 3082 ad
1445 3025 1637 3084 retundendam
1649 3025 1742 3099 Hufni
1756 3026 1895 3102 reprelien-

242 3128 353 3198 sionem
366 3143 418 3197 qua
430 3123 463 3182 S.
476 3123 615 3180 doctorem
625 3122 732 3177 insidiis
742 3136 805 3196 crya
816 3119 994 3192 Septuayinta
1005 3117 1167 3193 interpretes
1184 3119 1360 3177 calumniator
1370 3118 1551 3190 insimulabat,
1568 3121 1637 3178 nilrii
1650 3131 1735 3178 tamen
1749 3119 1829 3198 liujus
1839 3137 1899 3194 pro·
1988 3131 1989 3162 i

242 3215 299 3291 loyi
311 3215 422 3291 replicat
433 3217 461 3271 irs
472 3231 528 3272 sue
541 3215 677 3287 Apoloyice
689 3212 829 3284 posteriori
843 3211 922 3277 libro,
943 3210 978 3265 ad
992 3212 1067 3283 cujus
1081 3211 1158 3280 finem
1172 3213 1258 3268 citata
1271 3211 1440 3285 reperiuntur
1452 3227 1541 3268 omnes
1559 3211 1724 3285 prefationes
1744 3213 1838 3269 ueteris
1851 3209 1897 3267 in·
1988 3225 1989 3254 t

238 3308 388 3380 strumenti..
399 3305 452 3362 Cur
462 3307 511 3362 lsoc
521 3304 657 3372 acciderit,
671 3303 782 3360 necdum
795 3302 858 3358 irene
869 3301 986 3358 nouimus
998 3317 1008 3356 :
1022 3301 1074 3358 nisi
1088 3306 1238 3377 conjectare
1247 3311 1383 3376 utcumque
1398 3301 1476 3359 liceat
1489 3319 1548 3360 curn
1562 3302 1691 3376 Hrasrno,
1706 3302 1896 3378 Hieronymum

239 3420 294 3459 non
307 3418 340 3459 ea
353 3420 400 3460 rua
413 3402 542 3460 sententio
552 3401 668 3469 dinissc,
684 3398 863 3471 Septuryiots
878 3396 1047 3468 intrerpretes
1059 3396 1157 3468 plenos
1172 3395 1260 3454 tuisse
1276 3396 1379 3469 Spiritu
1394 3406 1512 3466 surreio,
1535 3406 1560 3454 et
1579 3399 1696 3454 inlibris
1710 3400 1795 3456 sacris
1811 3396 1897 3460 multa
1988 3419 1989 3446 1

243 3496 378 3554 addidisse
391 3496 426 3554 oir
440 3496 633 3554 auctoritatem
646 3492 766 3564 Spiritus
779 3491 874 3548 Sancti
885 3507 893 3546 r
906 3488 952 3545 sed
964 3489 992 3545 id
1006 3490 1129 3546 tribuisse
1141 3489 1230 3544 animo
1240 3487 1395 3544 ilornnionis
1405 3497 1428 3544 et
1438 3487 1582 3564 Hoyariani
1595 3489 1770 3561 familiarium
1784 3506 1900 3559 suorum,
1988 3495 1989 3500 ’

240 3589 314 3660 apud
323 3603 389 3662 quor
398 3585 614 3661 tantumpondur
624 3583 752 3640 trabebant
767 3581 835 3654 forte
846 3580 1007 3654 esempinria
1021 3578 1097 3636 Lxx
1110 3578 1296 3650 interpretum.
1310 3578 1448 3652 Quidquid
1460 3580 1492 3634 sit
1505 3579 1539 3634 de
1556 3579 1604 3634 lrac
1616 3577 1724 3638 Erasnri
1734 3585 1901 3656 conjecturo,

242 3691 341 3735 eertum
357 3687 460 3748 emeat,
473 3680 504 3737 S.
518 3679 713 3752 Hieronymum
727 3694 822 3752 neyare
834 3677 896 3734 aliis
911 3675 1039 3732 sescentis
1053 3675 1132 3738 locis,
1154 3673 1259 3745 Spiritu
1274 3673 1372 3731 Sancto
1387 3683 1503 3729 mouente
1513 3714 1521 3739 ,
1533 3673 1629 3730 editum
1649 3674 1732 3747 fnisse
1749 3673 1901 3731 versionem
1988 3669 1989 3704 ³

244 3771 365 3829 Graeom
376 3771 570 3846 Septuoyinto,
585 3773 648 3843 qaia
662 3769 736 3826 uliud
749 3777 811 3837 est,
824 3768 910 3839 inquit
931 3765 1043 3838 proiopo
1058 3765 1086 3821 in
1109 3762 1241 3832 Genesim,
1258 3770 1360 3832 nutem,
1372 3761 1447 3819 uliud
1459 3771 1575 3820 estesse
1590 3762 1780 3834 interpretem.
1797 3765 1836 3821 iiri
1847 3762 1902 3836 spi·
1988 3799 1989 3818 ι

243 3869 437 3927 ritnsueniurn
453 3867 588 3940 predicit,
604 3866 648 3922 irie
659 3863 780 3922 eruditio
796 3871 824 3920 et
834 3863 981 3919 uerborum
995 3861 1086 3930 copis,
1103 3875 1146 3926 eu,
1157 3874 1219 3930 quus
1231 3859 1370 3946 inteiligit,
1386 3857 1527 3915 transfert.
1544 3855 1681 3915 licitorum
1693 3861 1767 3916 :tius
1777 3855 1903 3928 aliterue

120 3975 124 3979 ·
243 3964 349 4021 eisdem
360 3960 436 4018 libris
449 3975 498 4033 per
510 3958 690 4029 Septusyintu
708 3956 892 4027 interpretes,
911 3953 993 4009 uiiter
1008 3967 1056 4024 per
1073 3952 1213 4024 apostolos
1232 3951 1351 4022 Spiritus
1364 3961 1476 4008 ssnotns
1492 3951 1649 4009 testimonio
1664 3953 1771 4019 tenuit,
1786 3959 1818 4008 nt
1830 3949 1901 4024 qnod

242 4055 284 4113 iiii
296 4061 452 4120 neaeram,
468 4052 497 4107 iri
512 4051 644 4120 scripturn
659 4063 723 4106 esse
736 4046 843 4103 mentiti
858 4046 924 4100 sint.
938 4042 1006 4100 Hoc
1023 4043 1148 4100 aduersus
1163 4044 1291 4115 Rufinum
1305 4044 1415 4114 afferens
1428 4046 1456 4102 in
1471 4063 1521 4102 sno
1534 4046 1671 4116 Apoloyiae
1691 4046 1758 4101 libro
1774 4045 1902 4112 secundo,

240 4163 295 4202 non
307 4147 394 4217 potuit
407 4144 505 4200 ibidem
515 4142 591 4198 uerba
604 4139 786 4212 subsequentis
806 4137 973 4208 prefationis
986 4135 1016 4190 in
1031 4134 1238 4208 Paralipomeua
1252 4134 1381 4207 replicare
1399 4134 1434 4189 ad
1445 4151 1521 4192 suom
1534 4136 1712 4208 defensionem
1727 4135 1814 4208 ,·yuin
1830 4135 1900 4190 illico
1988 4153 1989 4160 ¹

243 4239 366 4294 stultitiis
379 4244 532 4309 asyncretur
542 4235 570 4289 in
582 4249 661 4288 causa
679 4229 752 4288 Lxx
772 4227 960 4315 interpretum,
978 4226 1012 4282 de
1027 4229 1122 4301 quibus
1137 4239 1191 4283 tam
1207 4227 1340 4283 contraria
1358 4237 1381 4283 et
1395 4227 1505 4284 inuicem
1518 4229 1568 4285 sibi
1590 4230 1735 4304 puyrrantia
1749 4229 1904 4314 scripsisset.

244 4331 394 4389 Prudenter
404 4331 492 4400 itaque
502 4326 593 4382 reticet
606 4323 675 4396 quod
690 4323 752 4378 alim
766 4321 854 4376 animo
872 4336 903 4375 ac
916 4320 1004 4375 soline
1017 4317 1173 4374 Domnionis
1191 4318 1327 4390 tribuerat,
1345 4318 1416 4392 apud
1435 4337 1513 4392 quem
1526 4337 1629 4376 sunrma
1644 4321 1711 4392 forte
1726 4337 1756 4376 ea
1773 4321 1825 4392 furt
1840 4335 1905 4374 anc-

246 4429 339 4482 toritns
352 4424 473 4480 editionis
486 4419 568 4487 iix,
582 4418 629 4475 sed
639 4418 710 4474 saluo
721 4432 823 4488 serrrper
837 4415 935 4470 isonore
958 4412 1062 4469 liebroei
1076 4413 1148 4485 styli,
1164 4422 1193 4467 nt
1206 4423 1231 4468 et
1251 4412 1322 4484 opud
1335 4427 1424 4468 onrnes
1438 4413 1506 4468 alios
1520 4415 1599 4487 irrrfus
1610 4415 1733 4486 temporis
1746 4410 1906 4470 ecelaeiasti·

246 4537 290 4575 cos
302 4520 382 4587 uiros,
394 4517 439 4590 yui
450 4524 586 4586 utramque
596 4511 790 4578 auctoritatem,
804 4507 975 4563 Hebraorum
992 4505 1101 4576 scilicet,
1119 4503 1319 4576 (draconumque
1331 4504 1474 4574 librorum,
1486 4507 1600 4562 diuinam
1615 4523 1670 4563 esse
1684 4506 1871 4580 fatebantur.'‡'·
1988 4537 1989 4540 =

282 4611 344 4668 June
356 4611 426 4679 quod
439 4617 538 4684 spectat
552 4605 729 4682 proloyumin
744 4603 824 4659 libros
839 4599 1001 4666 Suionronis,
1018 4596 1089 4654 illud
1104 4606 1165 4654 ante
1180 4615 1227 4654 uos
1239 4597 1338 4653 monuit
1358 4596 1478 4654 leander
1490 4599 1523 4656 de
1537 4599 1569 4656 S.
1583 4599 1713 4670 Hortino,
1731 4619 1791 4658 eaor
1810 4601 1909 4674 prafu-

246 4707 342 4763 tionem
355 4707 508 4778 impressam
520 4701 602 4772 fuisse
615 4701 643 4755 in
657 4697 778 4754 omnibus
792 4695 948 4751 editionibus
957 4691 1059 4750 Glossae
1073 4692 1213 4749 ordinarios
1224 4707 1233 4747 .·
1244 4693 1276 4748 ab
1287 4690 1495 4779 Hrasrrrooutem
1508 4701 1531 4748 et
1546 4692 1688 4749 aiieatino
1702 4693 1828 4768 episcopo
1841 4705 1908 4766 pnr-

245 4800 392 4857 termissam
406 4798 434 4852 in
447 4793 599 4851 collectione
613 4807 719 4863 operum
733 4789 766 4846 S.
790 4787 970 4860 Hieronymi:
994 4787 1112 4857 quamuis
1126 4784 1253 4858 yenuinur
1268 4784 1301 4840 sit
1313 4785 1379 4857 fetus
1400 4785 1519 4858 ejusdem
1541 4785 1635 4842 Sancti
1652 4785 1796 4855 Hortaris,
1821 4786 1859 4842 uti
1879 4799 1910 4838 es

244 4900 396 4966 aryumento
407 4887 625 4962 prefatiuncula,
639 4882 782 4948 sententiis,
798 4891 822 4936 et
836 4881 915 4935 modo
925 4876 1054 4934 scribendi
1069 4891 1176 4948 prorsus
1188 4874 1216 4932 H
1219 4875 1396 4948 ieronymiano
1411 4877 1478 4932 scire
1488 4876 1563 4934 nobis
1575 4878 1645 4934 iicet.
1664 4875 1758 4935 Verum
1773 4894 1838 4950 pars
1848 4874 1910 4930 ulti·

245 5007 290 5046 ma
299 4989 379 5061 lrufus
393 4984 498 5061 proioyi
511 4981 723 5054 manifestissime
734 4975 902 5050 supposititia
916 4973 973 5030 uiro
993 4971 1096 5028 erudito
1111 4971 1219 5028 nimium
1234 4971 1372 5045 imposuit,
1392 4987 1451 5027 cunr
1463 4973 1517 5029 suis
1528 4973 1743 5029 annotationibus
1757 4989 1819 5028 eam
1834 4971 1911 5028 iiius·

245 5094 320 5139 trous
331 5079 364 5137 S.
378 5078 541 5149 Hieronymo
554 5072 684 5129 ascribere
697 5078 818 5126 conatur.
836 5067 943 5123 Poterat
955 5067 1046 5138 utique
1062 5066 1182 5137 frondem
1197 5081 1338 5138 cynoseere
1354 5081 1388 5122 eu
1398 5067 1541 5140 inconpruo
1552 5083 1641 5136 sensu,
1653 5083 1727 5141 yuenr
1738 5066 1818 5123 uerba
1831 5065 1908 5121 oddi-

245 5174 311 5230 titia
323 5173 406 5245 partis
418 5171 532 5242 efficiunt
546 5167 575 5222 in
593 5166 641 5221 troc
653 5162 784 5236 proloyo:
799 5160 961 5231 nequeenim
979 5157 1139 5232 Hieronymo
1154 5158 1275 5218 scribenti
1288 5157 1421 5215 ullatenus
1436 5160 1606 5230 cosroeniunt,
1619 5169 1650 5218 ut
1664 5162 1735 5232 infra
1753 5161 1870 5236 planum
1881 5161 1910 5232 ft

245 5272 275 5325 in
287 5267 393 5325 rebeliis
407 5265 505 5322 nostris
517 5262 553 5320 ad
565 5261 635 5316 nunc
646 5259 732 5317 locum
747 5255 908 5328 prefationis
919 5255 978 5326 forn
995 5253 1081 5311 dicto.
1095 5253 1182 5310 Porro
1194 5253 1322 5310 edendam
1334 5253 1363 5308 in
1373 5253 1426 5326 fue
1439 5254 1532 5324 prima
1545 5255 1628 5328 partis
1643 5253 1746 5312 iliuiun
1760 5255 1911 5313 Bibliotlre-

247 5374 285 5414 ca
296 5355 526 5432 praefatiunculam
537 5349 728 5427 spopondimus
739 5348 767 5404 in
780 5346 870 5415 notis,
885 5345 932 5401 sed
946 5352 1047 5403 mutato
1061 5345 1182 5420 deinceps
1198 5345 1324 5416 consilio,
1343 5345 1372 5402 ln
1383 5343 1455 5402 calce
1470 5345 1552 5419 injur
1563 5346 1686 5406 secunde
1696 5348 1781 5421 partis
1790 5347 1911 5428 ejusdem

247 5448 415 5510 liibliotbecu
426 5445 529 5506 ilioina
541 5459 598 5503 eom
609 5441 739 5501 collocare
751 5437 834 5498 satius
847 5437 982 5494 ducimus.

854 5697 1295 5746 w
