4017 6334
256 349 309 410 ns
756 348 787 407 s.
808 344 1001 440 urunomuv
1020 343 1139 405 bruun
1156 329 1397 406 vrvvtvrunct.
1853 338 1906 400 trs

294 466 390 525 Samen
400 466 470 524 enim
490 475 546 524 erat
565 467 735 523 maledictum
749 465 782 522 ab
795 467 871 523 initio
881 482 891 522 .-
903 482 950 522 nec
965 466 1059 522 timens
1073 467 1096 527 Α
1112 467 1238 521 soeculum
1253 481 1264 523 .·
1277 462 1408 538 quomodo
1423 461 1503 538 bajus
1516 456 1836 533 Dominumnouloeilivs
1847 461 1912 518 inre-

257 541 381 609 oliouem,
397 541 497 597 ueniam
510 539 592 595 dabas
636 538 846 594 cratisillorum.
1111 538 1227 593 nerunt?

295 612 360 679 Quis
366 614 436 669 enim
446 611 514 669 dicct
521 555 660 679 tibiriftbid
671 610 829 693 {eristilaut
842 609 902 681 quis
910 609 989 666 stabit
997 623 1058 664 con·
1144 607 1268 678 Infelices
1281 619 1368 664 autem
1381 613 1450 674 sunt,
1474 617 1500 663 et
1512 607 1580 662 inter
1596 615 1712 662 mortuos
1731 622 1789 678 spes
1803 603 1912 660 illorum

259 693 299 739 tra
318 684 442 738 'adiciam
460 683 555 738 tuum?
569 697 616 737 aut
633 697 692 754 quis
709 681 738 737 in
753 689 893 752 conspectu
907 692 951 736 tao
974 679 1058 735 veniet
1108 688 1157 747 est,
1173 681 1217 752 qui
1232 680 1426 752 appellaverunt
1442 679 1505 734 deos
1523 694 1601 747 opera
1615 693 1740 734 mannum
1765 677 1911 744 bominum,

258 704 355 810 vinbecc
376 754 525 825 iniquorum
538 753 695 810 bominum?
715 762 762 808 aut
774 755 832 823 uuis
846 752 893 808 siti
908 751 1056 825 imputabit,
1110 767 1203 806 aarum
1222 760 1246 807 et
1262 761 1409 824 arpentum,
1422 747 1678 817 artlsinruntianem,
1694 759 1719 804 et
1726 747 1912 805 similitudines

257 826 282 882 si
292 826 416 899 perierint
430 827 557 896 nationes,
572 833 677 897 masta
691 825 797 897 iecisti?
1110 824 1275 888 animalium,
1287 830 1333 877 out
1347 819 1462 886 lapidem
1475 820 1595 876 inutilem
1609 837 1674 893 opus
1684 837 1777 876 marrus
1787 820 1910 892 antiqua.

217 932 220 937 <
297 895 361 952 Nau
373 897 441 954 enim
455 906 493 952 est
513 896 580 952 alius
593 893 664 952 Deus
676 912 753 965 ouant
772 906 819 965 tu,
833 895 877 950 cui
899 911 963 950 cura
975 896 1019 950 est
1028 896 1060 952 de
1147 895 1200 950 Aut
1210 895 1234 950 si
1247 893 1305 964 quis
1319 894 1415 965 artifex
1425 892 1500 965 labes
1515 893 1548 948 de
1564 893 1633 947 silva
1646 890 1748 964 lipnum
1758 901 1860 947 rectum
1873 908 1913 948 se·

262 969 393 1036 omnibus,
412 969 571 1026 utostendos
583 968 707 1041 quoniam
720 983 774 1022 non
788 967 884 1040 iniuuc
896 967 1003 1041 judicos
1018 973 1061 1040 p'u·
1111 967 1205 1038 cuerit,
1222 966 1335 1036 ctbnp'us
1349 967 1424 1020 docte
1439 963 1532 1019 antor
1552 979 1651 1018 amnem
1667 965 1804 1030 corticem,
1818 970 1844 1018 et
1858 971 1914 1016 orte

261 1040 370 1097 dicium.
1112 1053 1161 1092 suo
1176 1054 1253 1104 usus,
1270 1037 1409 1109 ulilipentcr
1427 1035 1533 1107 fabricet
1546 1049 1592 1092 uas
1613 1035 1677 1092 utile
1694 1035 1723 1090 in
1739 1035 1914 1092 cmversatio·

298 1110 392 1238 lippus
403 1129 460 1178 rec,
472 1128 555 1186 nepae
566 1120 694 1184 tyrannus
713 1111 740 1166 isi
755 1119 893 1184 conspectu
913 1118 959 1167 tuo
972 1111 1061 1184 inqui·
1112 1125 1171 1166 aens
1181 1109 1251 1178 ntra,

263 1192 319 1239 rent
352 1184 430 1255 ebir,
444 1201 508 1256 quos
518 1183 667 1253 perdidisti.
1151 1179 1278 1253 Reliquiis
1291 1187 1376 1236 autem
1386 1180 1442 1253 eins
1457 1179 1553 1254 operis,
1569 1179 1604 1236 ad
1616 1179 1837 1254 preparationem
1850 1193 1914 1236 esce

299 1254 364 1311 Cum
378 1273 440 1330 erpo
459 1257 494 1311 sis
504 1257 604 1327 justas,
623 1255 697 1326 iuste
710 1254 798 1308 omnia
819 1253 960 1327 disponis:
975 1256 1062 1327 ipsum
1113 1251 1244 1310 abutatur.

261 1342 376 1398 quoquc,
391 1328 435 1400 arsi
450 1343 502 1382 non
527 1325 602 1382 debet
622 1326 721 1398 puniri,
748 1326 931 1396 condemnare,
946 1338 1062 1383 emnam
1151 1321 1185 1379 lit
1206 1323 1334 1396 reliquum
1360 1321 1464 1392 luorum,
1490 1323 1559 1396 qaod
1582 1323 1618 1379 od
1641 1322 1728 1378 nullos
1752 1338 1817 1380 usus
1832 1323 1913 1450 perit,

264 1399 404 1453 custimaso
417 1409 461 1454 tua
475 1398 577 1452 uirtute.
1114 1395 1213 1466 lipnunt
1226 1412 1344 1465 curvum,
1358 1405 1381 1451 et
1394 1396 1534 1450 vorticibus
1553 1395 1668 1466 plenum,
1686 1391 1789 1464 sculpat
1803 1395 1831 1448 di
1844 1395 1915 1466 ipen·

303 1467 391 1524 Virtus
404 1470 474 1525 enim
487 1479 532 1523 tua
539 1469 653 1541 justitia
667 1469 770 1523 initium
783 1475 822 1523 est
833 1483 842 1523 :
855 1476 881 1523 et
893 1467 924 1523 ab
934 1465 984 1523 ltoa
993 1471 1063 1541 quad
1115 1475 1154 1522 ter
1172 1482 1217 1539 per
1234 1468 1388 1523 vacuitatem
1405 1483 1493 1532 suurn,
1517 1475 1541 1521 et
1577 1483 1606 1521 es·
1618 1467 1753 1522 scientiam
1770 1481 1826 1520 suas
1850 1465 1915 1520 artis

263 1539 381 1596 omniurn
392 1538 520 1596 Donsinus
535 1557 573 1608 es,
587 1541 706 1596 omnibus
722 1549 747 1594 te
759 1554 865 1610 parcere
874 1540 951 1610 lacis.
1114 1536 1209 1609 fipuret
1222 1538 1302 1605 illud,
1316 1548 1342 1594 et
1355 1538 1479 1594 assimilet
1493 1537 1542 1594 illu
1575 1537 1684 1609 inopini
1697 1535 1831 1592 bominis:

302 1611 430 1667 Virtutem
444 1613 513 1667 euim
528 1611 644 1669 ostendis
658 1620 696 1679 tu,
713 1612 759 1684 qui
769 1626 822 1666 non
837 1611 949 1666 crederis
962 1628 1022 1668 esse
1034 1613 1062 1667 in
1151 1609 1203 1664 Aut
1219 1610 1298 1665 alicui
1322 1627 1353 1666 eu
1365 1608 1521 1665 animalibus
1533 1608 1601 1664 illud
1612 1617 1754 1680 comparet,
1770 1606 1915 1678 perliniens

263 1682 358 1738 uirtute
371 1693 575 1752 consummatus,
590 1694 615 1739 et
628 1683 730 1755 borum,
751 1681 796 1752 qui
808 1691 833 1738 te
845 1683 970 1752 nesciunt,
981 1685 1065 1740 auda·
1115 1681 1229 1751 rubrica,
1246 1691 1270 1736 et
1285 1681 1457 1737 rubicundum
1469 1680 1569 1751 [acuns
1582 1681 1642 1750 suco
1657 1678 1772 1734 colorem
1784 1677 1871 1745 illius,
1888 1688 1914 1734 er

264 1753 332 1809 ciam
347 1757 473 1811 traducis.
870 1787 876 1798 ·
1116 1767 1218 1808 ornnem
1233 1753 1371 1819 maculam,
1383 1768 1442 1821 oua
1453 1752 1480 1807 ia
1493 1748 1541 1806 illo
1557 1760 1605 1814 cst,
1619 1748 1771 1823 perliniens.

300 1824 343 1880 Ta
354 1836 441 1882 autem
454 1827 601 1883 dominator
611 1825 729 1892 virtutis,
742 1840 803 1881 cum
817 1825 1011 1898 tranquillitate
1025 1831 1064 1882 'u·
1152 1822 1187 1878 Et
1206 1825 1289 1896 [neiat
1302 1825 1325 1880 ei
1336 1824 1443 1892 dipnarn
1456 1822 1656 1892 dubitationem,
1671 1831 1697 1878 ιι
1710 1821 1738 1876 in
1753 1819 1857 1892 pariete
1870 1837 1917 1890 po·

265 1897 349 1966 dicos,
364 1906 389 1952 et
403 1915 462 1953 cum
480 1914 521 1952 ma
540 1917 576 1954 no
596 1897 867 1971 reuerentiadisponis
890 1913 938 1953 nos
951 1913 962 1954 .·
976 1849 1064 1956 subest
1078 1863 1103 1927 B
1116 1910 1178 1950 utus
1188 1895 1266 1963 illud,
1282 1904 1306 1950 et
1320 1895 1477 1966 confirmans
1497 1893 1577 1963 ferro,

267 1973 334 2025 enim
345 1968 402 2038 tibi,
416 1987 476 2025 curn
483 1917 607 2037 nobem,
623 1985 710 2044 posse.
1153 1966 1197 2021 Ne
1207 1967 1276 2038 sarta
1287 1966 1375 2034 cadat,
1397 1966 1555 2038 prospiciens
1569 1965 1620 2033 illi,
1636 1963 1718 2019 sciens
1730 1963 1854 2036 quomam
1865 1980 1916 2019 soon

301 2040 423 2096 Docuisti
440 2050 527 2097 autem
542 2041 667 2116 populum
677 2051 750 2096 tuam
763 2057 809 2114 per
820 2041 885 2095 tolia
896 2057 986 2112 opera,
999 2057 1066 2112 qno·
1115 2046 1199 2122 potest
1213 2039 1338 2108 adiuuare
1347 2054 1375 2094 se
1386 2052 1395 2094 :
1407 2037 1494 2111 imopo
1509 2036 1577 2094 enim
1589 2045 1639 2103 su,
1653 2043 1755 2110 etopus
1768 2035 1858 2090 estilli
1872 2036 1918 2091 atl-

264 2111 337 2166 niam
348 2121 448 2182 oportet
466 2115 570 2186 justum
591 2128 647 2169 esse
660 2120 685 2168 et
708 2116 861 2174 lrurnaaum.
875 2123 900 2167 et
914 2112 987 2169 bonta
1009 2114 1065 2182 spei
1111 2111 1251 2182 potorium.

266 2184 352 2254 {eristi
362 2181 431 2253 pillos
445 2193 511 2252 tuos,
524 2182 778 2256 quoniarnjudicans
799 2183 848 2238 das
863 2184 949 2238 locum
961 2184 989 2240 in
1003 2199 1065 2255 pec·
1152 2179 1188 2236 ls't
1202 2181 1233 2236 de
1246 2180 1391 2236 substantia
1402 2197 1460 2249 sua,
1475 2187 1498 2234 et
1511 2177 1544 2234 de
1559 2177 1621 2247 filiis
1643 2179 1716 2246 suis,
1732 2185 1757 2234 et
1771 2175 1806 2231 de
1819 2193 1855 2232 nu
1875 2178 1919 2232 tiis

267 2255 333 2309 eatis
347 2256 514 2326 poenitentia.
1116 2260 1203 2308 vatum
1217 2253 1316 2322 {aciens
1325 2253 1445 2324 inquirit.
1462 2249 1490 2306 N
1492 2267 1526 2306 on
1537 2249 1661 2306 crubescit
1675 2250 1747 2322 loqui
1760 2265 1821 2304 eum
1844 2251 1853 2302 i
1867 2251 1895 2304 lo
1909 2291 1917 2319 ,

303 2325 335 2381 st
344 2327 413 2381 enim
427 2328 545 2383 inimicos
555 2340 688 2382 servarum
699 2332 814 2392 tuorum,
829 2333 854 2382 et
863 2324 963 2381 debitos
976 2327 1063 2394 morti,
1115 2324 1160 2393 qni
1176 2327 1232 2379 sine
1243 2324 1332 2378 anirrta
1345 2333 1392 2378 cst.

266 2413 325 2452 cum
338 2405 410 2454 tanta
422 2398 545 2454 cruciasti
559 2397 710 2461 attentione,
726 2395 792 2452 dans
802 2405 903 2469 tempus
916 2407 941 2454 ct
954 2396 1040 2453 mcum
1056 2439 1064 2467 ,
1151 2393 1187 2448 Ει
1203 2411 1250 2468 pro
1261 2397 1372 2452 sanitate
1385 2394 1488 2464 quidem
1502 2395 1634 2464 infirmum
1647 2391 1817 2462 deprecatur,
1830 2399 1857 2448 et
1870 2408 1920 2464 pra

267 2484 313 2539 per
325 2483 383 2539 qua
395 2478 498 2540 possent
511 2468 606 2524 mutari
618 2483 636 2522 a
647 2467 762 2538 malitia,
1116 2465 1170 2522 nita
1191 2472 1268 2541 rapat
1287 2476 1438 2537 mortuum,
1456 2476 1482 2522 et
1504 2466 1532 2521 in
1558 2464 1722 2539 adjutorium
1742 2463 1865 2518 inutilem
1878 2467 1921 2518 iu-

303 2538 369 2594 Gum
382 2549 477 2610 quanta
488 2539 624 2611 diligentia
642 2539 769 2609 iudicasti
784 2537 853 2609 filios
867 2548 935 2609 tuos,
956 2556 1067 2606 quorum
1116 2546 1200 2594 vocat.
1385 2567 1397 2585 ι

267 2610 416 2683 parentibus
428 2615 582 2686 juramento
594 2617 618 2666 et
637 2613 818 2667 consecutiones
830 2611 925 2666 dedisti
938 2609 1066 2667 bonarum
1154 2607 1187 2664 Et
1202 2625 1250 2682 pro
1263 2609 1354 2666 itinere
1369 2611 1431 2680 petit
1444 2607 1476 2664 ab
1488 2624 1528 2676 eo,
1544 2607 1589 2681 qui
1598 2605 1733 2664 ambulare
1745 2622 1797 2662 non
1815 2613 1915 2674 potest:

207 2721 216 2733 .
267 2682 487 2754 promissionum?
1116 2689 1141 2736 et
1156 2681 1188 2735 de
1206 2683 1374 2753 acquirendo,
1383 2689 1409 2738 ιι
1423 2682 1456 2736 de
1469 2678 1610 2750 operando,
1622 2688 1647 2734 et
1656 2679 1688 2734 de
1702 2678 1916 2734 omniumrerunt

303 2751 367 2809 Cum
381 2769 442 2826 erpa
457 2754 505 2810 dos
518 2753 593 2811 nobis
618 2753 807 2826 disciplinam,
830 2753 950 2810 iniurieos
963 2759 1067 2810 nostros
1117 2761 1208 2808 euentu
1225 2753 1298 2826 ponit
1308 2752 1339 2809 ab
1354 2768 1395 2824 eo,
1408 2753 1453 2824 aui
1467 2753 1494 2807 in
1509 2751 1626 2808 amnibus
1639 2757 1678 2806 est
1691 2749 1804 2806 inutilis.

267 2825 448 2898 multipliciter
461 2825 591 2899 [lupellos.
616 2835 645 2880 ut
666 2825 808 2881 bonitatem
829 2832 900 2880 tuom
926 2828 1068 2897 capitemns
1358 2877 1362 2884 ,

262 2895 413 3022 judicpntes
425 2913 434 2951 .·
449 2909 473 2952 ιι
486 2914 544 2952 cunr
559 2898 593 2950 de
604 2895 678 2952 nobis
684 2895 835 2969 judicatur,
845 2911 978 2967 speremus
990 2896 1068 2954 mise·
1413 2889 1529 2950 untur
1541 2889 1612 2948 xtt.

268 2983 336 3023 rtcor
355 2984 410 3022 mm
428 2978 509 3025 tuom.

307 3033 382 3094 llnde
392 3047 416 3094 el
429 3040 484 3095 illis
497 3039 541 3110 qui
553 3038 581 3093 in
594 3039 647 3094 vita
656 3055 703 3096 suo
717 3039 846 3094 insensate
855 3047 879 3094 et
891 3038 1068 3110 injusteaine·
1154 3029 1255 3088 lterum
1269 3030 1336 3087 “lilii
1350 3029 1471 3100 ”illim
1493 3027 1624 3100 willam·
1637 3035 1662 3083 ιι
1677 3042 1723 3098 per
1736 3026 1805 3109 [01⁰⁸
1818 3027 1922 3154 filim

267 3118 339 3181 runs,
356 3125 402 3180 per
422 3111 489 3181 bae,
510 3125 568 3179 qun
584 3108 742 3179 solamne,
765 3109 862 3166 dedisti
885 3127 988 3166 ippum
1012 3108 1067 3168 ιη.
1118 3105 1167 3160 iter
1182 3105 1266 3174 lacere
1278 3100 1415 3175 iucipiens,
1429 3101 1672 3174 lipnoportanlese,
1685 3098 1808 3171 propitius
1829 3099 1923 3172 ipnurn

268 3187 365 3240 mento.
1118 3176 1229 3232 invocat.

305 3250 412 3307 Etenim
424 3253 454 3308 in
464 3252 562 3309 erroris
575 3251 618 3306 ria
632 3250 732 3308 diutins
745 3257 907 3321 erraverunt,
922 3255 984 3310 deos
996 3255 1104 3321 asti-G
1156 3244 1310 3302 illnlerito
1324 3245 1454 3318 cupiditas
1467 3241 1619 3317 acquirendi
1633 3241 1803 3315 excapitavit,
1817 3251 1843 3298 et
1857 3244 1924 3298 arti·

269 3331 370 3380 montes
384 3323 450 3390 ltac,
467 3339 525 3394 qua
541 3324 569 3378 in
581 3323 738 3379 animalibus
750 3331 811 3378 svnt
824 3339 1005 3398 supervacuo,
1031 3328 1070 3382 in·
1120 3318 1165 3389 ibt
1175 3317 1303 3386 tibitibi
1320 3316 1457 3389 {wiliulfi
1470 3331 1527 3370 Μ·

271 3395 383 3465 lantiam
397 3397 589 3452 insensatorum
606 3410 677 3450 more
691 3395 813 3450 viventes.
1156 3387 1214 3444 Tuo
1227 3397 1325 3454 autem,
1340 3385 1431 3454 Pater,
1441 3385 1611 3443 Providentia
1626 3383 1751 3458 pubernut
1767 3387 1918 3456 :quonium

272 3535 291 3590 d
308 3463 420 3538 Propter
432 3469 483 3591 2⁰⁰
497 3476 627 3539 tamquam
637 3467 726 3537 pueris
740 3466 880 3523 insensatis
891 3466 1022 3539 iudicium
1041 3471 1069 3525 tn
1121 3461 1216 3516 dedisti
1228 3468 1252 3516 et
1263 3459 1291 3516 ia
1306 3459 1373 3516 mari
1383 3460 1497 3527 aiasn,et
1507 3459 1576 3514 inter
1587 3459 1684 3531 pucras
1696 3459 1815 3515 scaritum
1824 3458 1923 3530 fisruis-

292 3537 387 3594 erisum
399 3539 431 3594 dc
451 3539 506 3594 isti.
1120 3533 1224 3588 simam.

309 3608 361 3676 Qui
382 3620 466 3665 autem
485 3609 607 3666 ludibriis
624 3619 649 3666 et
664 3610 923 3683 interpretationibus
937 3628 991 3669 nou
1010 3621 1071 3670 sunt
1157 3601 1192 3658 El
1204 3601 1259 3678 [Ab
1277 3608 1332 3660 1³⁰·
1354 3599 1390 3674 ⁶¹]
1414 3601 1551 3658 “lilim
1571 3602 1693 3669 tibilim
1719 3610 1811 3674 l¹⁰¹⁶²¹⁸
1833 3617 1863 3656 θ’
1892 3616 1924 3656 0⁵

271 3682 389 3747 correcti,
403 3682 511 3755 dipnnm
525 3682 718 3748 Detindicinm
735 3689 835 3755 experri
848 3693 923 3738 sant.
1122 3674 1240 3730 omnibus
1263 3674 1383 3742 salvare,
1409 3673 1487 3729 etiam
1510 3674 1534 3728 si
1554 3675 1611 3730 sine
1632 3685 1689 3729 orte
1715 3673 1812 3744 aliquis
1844 3671 1925 3728 adeat

307 3749 447 3824 inquibus
470 3754 539 3810 enim
562 3753 921 3828 potientesindipnobontur,
944 3771 991 3827 per
1015 3755 1071 3811 isac
1122 3763 1204 3802 ittart-

272 3838 336 3891 qnos
346 3823 471 3894 putabant
484 3827 557 3895 deos,
579 3824 608 3879 in
620 3825 683 3896 ipsis
703 3841 760 3880 cum
776 3829 1010 3883 exterminarentur
1033 3829 1072 3883 ui·
1158 3817 1212 3874 Sed
1227 3825 1255 3872 ul
1268 3833 1319 3872 ”⁰³
1335 3826 1417 3872 imm
1427 3833 1508 3872 ΝΜ
1520 3817 1653 3885 willemi&
1665 3825 1804 3884 ”millia
1819 3833 1925 3894 :prap-

218 3921 222 3924 ·
271 3896 369 3961 dentes,
384 3895 472 3962 iilam,
497 3912 574 3967 quem
593 3896 655 3952 otim
672 3899 800 3970 pepusam
820 3913 848 3952 ιι
861 3904 957 3963 prom,
982 3915 1071 3954 vem„
1123 3897 1160 3942 ter
1172 3886 1221 3944 ltoc
1235 3889 1313 3944 etiarn
1325 3899 1349 3943 et
1372 3889 1466 3960 enipuo
1477 3888 1548 3960 lipno
1566 3888 1674 3944 credunt
1688 3887 1804 3942 ltamr'nes
1819 3892 1924 3946 animas

272 3963 354 4019 Deum
368 3977 530 4039 agnoverunt
544 3983 554 4021 .·
568 3967 755 4041 propterquod
769 3977 794 4024 et
807 3968 868 4039 finis
883 3970 1072 4026 condemnatio.
1122 3976 1194 4027 suus,
1205 3968 1229 4014 et
1243 3970 1402 4016 tramenntes
1416 3975 1487 4014 utare
1502 3973 1546 4030 per
1558 3969 1640 4015 ratem
1652 3959 1754 4015 liberati
1764 3969 1849 4016 stent:
1897 4015 1900 4018 .

272 4037 312 4090 rtis
326 4053 415 4094 eorum
426 4039 496 4096 venit
508 4039 668 4112 superillos.
1159 4029 1213 4087 Sed
1227 4031 1259 4086 ab
1270 4033 1344 4086 initio
1356 4046 1415 4085 cura
1428 4029 1540 4104 perirent
1549 4028 1653 4102 superbi
1667 4031 1794 4102 pipantes.
1807 4048 1869 4100 spes
1885 4051 1925 4088 ar-

1123 4102 1161 4158 bis
1179 4112 1308 4158 terrarum
1324 4104 1359 4158 ad
1371 4112 1454 4159 rotem
1469 4103 1631 4175 consapiens,
1653 4102 1750 4156 remisit
1772 4104 1870 4160 soeculo
1884 4121 1926 4159 se-

575 4171 690 4231 caput
704 4172 775 4230 Xlll.
1122 4189 1180 4229 mea
1192 4175 1345 4241 nativitatis,
1364 4189 1423 4244 quoe
1435 4189 1515 4228 manu
1530 4186 1574 4228 tuo
1587 4181 1642 4228 erat
1655 4171 1810 4246 pubesnatn.
1834 4223 1840 4228 .

372 4309 378 4322 ,
730 4309 737 4322 ,
1157 4244 1328 4301 Benedictunr
1341 4257 1378 4300 est
1391 4245 1459 4300 enim
1473 4244 1585 4312 lionam,
1602 4259 1646 4312 per
1660 4243 1731 4316 quod
1744 4243 1773 4314 fit
1785 4247 1904 4328 justitia.

308 4307 378 4392 ross
392 4316 480 4392 “illem
491 4319 552 4364 sunt
567 4325 655 4364 omitit
666 4308 794 4373 humiliet.
805 4309 833 4364 in
846 4309 941 4382 titillat
951 4326 1003 4366 ιιι
1016 4311 1072 4366 sub-
1159 4315 1213 4372 Per
1227 4332 1319 4372 manus
1332 4324 1418 4372 aritern
1433 4302 1502 4388 qnod
1522 4314 1552 4388 fit
1567 4314 1684 4380 idolum,
1700 4315 1871 4370 oralerltctum
1885 4329 1924 4372 est

272 4389 310 4438 est
333 4390 441 4464 seientia
462 4380 511 4436 liei
519 4397 528 4434 .·
543 4388 568 4436 ιι
582 4381 614 4436 de
627 4381 687 4447 itis,
706 4395 763 4463 oute
779 4382 897 4437 uidentur
911 4380 997 4462 baua.
1019 4399 1072 4438 non
1123 4397 1148 4444 et
1158 4388 1255 4462 ipsum,
1268 4396 1294 4444 et
1308 4389 1353 4460 qui
1366 4387 1428 4458 lecit
1440 4387 1507 4444 illud
1520 4404 1530 4442 .·
1547 4388 1609 4458 qaia
1622 4383 1669 4442 ille
1681 4385 1787 4455 quidem
1800 4399 1924 4458 operatus

275 4459 416 4525 uoluisti!
430 4451 574 4523 'millium
596 4468 666 4534 eum,
688 4469 733 4522 qus
746 4459 795 4519 ⁶⁸².
810 4461 892 4535 lituae
905 4451 1023 4527 aponius
1037 4461 1074 4509 ol·
1123 4470 1181 4515 est:
1196 4459 1263 4515 illud
1282 4467 1370 4515 autem
1391 4474 1451 4515 tum
1465 4468 1530 4516 esset
1545 4459 1650 4533 scopite,
1664 4455 1737 4514 Deus
1752 4461 1925 4530 copnorninu-

279 4525 427 4595 tendentes,
440 4531 600 4597 opnorerunt
613 4539 672 4591 oues
687 4528 831 4595 essetorttf
863 4565 869 4578 .
1123 4538 1164 4586 rus
1177 4539 1226 4586 est.

309 4593 366 4651 Sed
384 4604 430 4650 out
441 4596 539 4666 ipuam,
557 4603 602 4650 aut
617 4593 756 4679 spiritum,
776 4605 822 4649 out
839 4594 948 4652 citatum
969 4613 1066 4661 omem.
1160 4602 1291 4660 Similiter
1300 4609 1387 4658 autem
1407 4599 1469 4658 odio
1485 4611 1546 4659 sunt
1560 4598 1617 4656 lieo
1628 4599 1738 4672 impius,
1755 4609 1779 4657 et
1800 4601 1923 4676 impietas

273 4675 319 4720 aut
332 4683 426 4740 purum
437 4665 585 4733 stellarum,
598 4677 644 4721 aut
658 4681 767 4721 nonnam
778 4683 882 4738 aquam,
899 4678 944 4723 out
953 4669 1034 4724 solem
1045 4679 1068 4724 ct
1081 4647 1109 4710 Β
1120 4673 1188 4748 ejus.

272 4738 373 4804 lunam,
387 4746 499 4822 rectores
515 4739 583 4822 orbis
596 4745 722 4794 terrarum
737 4738 800 4794 deas
815 4749 978 4810 putaverunt.
1159 4745 1263 4804 Etestim
1274 4747 1346 4820 quod
1357 4748 1456 4819 sactum
1469 4752 1518 4815 est,
1539 4759 1598 4800 cunt
1609 4742 1676 4812 illo,
1691 4744 1738 4818 qui
1761 4745 1843 4816 lecit,
1867 4753 1925 4800 tar·

312 4807 431 4876 Quorum
446 4826 470 4864 ιι
481 4825 566 4883 specie
575 4810 710 4880 delectati,
722 4808 784 4866 deos
797 4819 950 4880 putaverunt
964 4827 974 4865 .·
989 4813 1072 4868 sciant
1122 4828 1210 4876 menta
1224 4819 1347 4892 potietur.

272 4891 370 4964 qupnto
394 4882 435 4939 liis
457 4882 604 4936 donrinator
628 4897 718 4964 eonem
740 4882 881 4952 speciosior
899 4892 959 4940 est:
977 4884 1073 4959 speciei
1162 4890 1272 4964 Propter
1282 4891 1330 4946 irae
1343 4899 1366 4946 et
1376 4890 1404 4946 in
1417 4887 1495 4944 idolis
1503 4889 1639 4946 notionum
1647 4902 1699 4942 non
1710 4887 1758 4942 erit
1772 4895 1924 4959 respcmusr

273 4967 340 5007 enlm
352 4961 490 5038 petrerator
503 4953 557 5008 bac
570 4969 658 5008 antina
677 4955 822 5010 conutituit.
1123 4963 1245 5032 quoniam
1260 4971 1387 5019 creatura
1401 4960 1448 5017 Det
1460 4961 1488 5015 in
1502 4961 1592 5016 adium
1605 4965 1763 5031 factasunt,
1784 4968 1809 5014 et
1825 4960 1853 5014 in
1865 4970 1924 5015 ten·

309 5028 362 5080 Aut
375 5028 397 5080 si
409 5031 538 5089 vrrtrrtem,
554 5035 579 5080 et
590 5041 669 5098 opera
685 5040 773 5080 eorum
789 5027 876 5082 nsirati
888 5036 960 5096 sunt,
975 5025 1074 5086 intelli·
1124 5033 1250 5089 tationem
1261 5034 1399 5090 animabus
1413 5029 1555 5098 bantinum,
1570 5042 1594 5086 ιι
1614 5031 1641 5084 in
1654 5029 1830 5104 muscipulam
1849 5031 1925 5103 porli-

272 5094 366 5178 pebom
387 5097 514 5167 abillis,
542 5097 664 5170 quostiam
688 5097 732 5168 qui
752 5096 807 5154 bac
827 5099 903 5172 iacit,
927 5102 1021 5173 [ortior
1035 5111 1072 5156 est
1125 5105 1172 5164 bris
1187 5105 1377 5177 insipientium.
1642 5161 1646 5166 .

272 5165 337 5222 sllrs.
422 5240 429 5254 ⁸
1160 5175 1272 5231 Initium
1285 5178 1354 5232 enim
1366 5175 1549 5248 fornicationis
1562 5184 1599 5231 est
1613 5173 1752 5248 exquisitio
1767 5173 1924 5232 tuncrum.-

309 5237 519 5324 Amapnrtudine
531 5241 599 5297 enim
612 5243 707 5315 spceiei
721 5253 745 5298 et
755 5251 882 5300 creaturos
893 5242 1073 5317 capnoscibili·
1123 5255 1148 5306 et
1163 5248 1312 5304 adinventio
1326 5247 1435 5305 illorum
1449 5247 1582 5320 corruptio
1599 5247 1658 5302 vita
1671 5254 1720 5303 est.

273 5315 416 5398 terpotern
427 5323 526 5368 mentm
539 5313 633 5369 borum
646 5315 737 5370 videri.
1160 5319 1253 5393 Neque
1277 5319 1346 5374 enirn
1366 5329 1440 5376 erum
1458 5318 1490 5375 ab
1514 5318 1600 5384 initio,
1625 5333 1708 5390 acque
1731 5325 1806 5374 erunt
1820 5317 1849 5372 in
1862 5334 1924 5390 per·

307 5379 364 5462 ⁸bed
392 5385 576 5440 tamenodltnc
596 5385 624 5440 in
649 5387 689 5442 ltis
704 5387 839 5443 minorest
863 5387 978 5460 querela.
995 5386 1072 5442 Etlti
1123 5401 1243 5466 potuum.

273 5466 341 5535 earm
354 5451 465 5525 fortasse
484 5467 586 5527 emant,
602 5457 687 5515 Deum
703 5468 846 5533 quarentes
862 5469 888 5516 et
906 5460 1020 5517 volentes
1033 5461 1072 5514 in·
1160 5462 1362 5538 supervacuitas
1385 5462 1453 5520 enim
1474 5461 1609 5518 bominum
1619 5461 1673 5518 lrtec
1683 5459 1818 5516 abins-enit
1832 5460 1859 5514 iu
1875 5477 1922 5517 or-

271 5538 368 5579 ttmte·
381 5597 388 5610 ,
1124 5535 1180 5591 bem
1192 5547 1340 5592 terrarum:
1355 5534 1446 5590 etidco
1457 5535 1539 5590 brevis
1553 5533 1660 5589 illorum
1668 5533 1728 5602 pinis
1741 5543 1780 5587 est
1790 5532 1920 5586 inuentus.

308 5592 414 5652 Etenim
426 5613 485 5654 cuns
503 5598 531 5654 in
547 5601 664 5674 operibus
683 5600 759 5657 iilius
774 5611 966 5671 conversentur,
983 5604 1071 5677 inqui·
1158 5607 1255 5664 Acerba
1276 5609 1345 5664 enim
1357 5609 1427 5662 tactu
1449 5604 1540 5662 dolens
1554 5615 1643 5676 pater,
1657 5606 1709 5660 cito
1724 5605 1774 5660 sibi
1787 5603 1856 5674 rapti
1870 5603 1925 5673 filii

272 5674 358 5750 reiut:
378 5679 402 5724 et
420 5685 571 5740 persuasum
593 5673 686 5727 liabent
704 5675 828 5745 quoniam
848 5676 915 5731 bona
934 5683 996 5731 sunt
1015 5691 1071 5747 qua
1112 5679 1183 5751 ¹serit
1196 5679 1335 5751 inrapinem
1349 5687 1392 5733 :ct
1404 5675 1491 5746 illuns,
1507 5677 1551 5747 qui
1566 5687 1628 5731 turre
1645 5676 1720 5747 quasi
1745 5674 1824 5729 bonta
1849 5689 1923 5728 rnor-

273 5739 420 5796 videntur:
606 5814 611 5826 ι
1121 5761 1181 5808 tuns
1205 5753 1311 5820 luerat,
1335 5765 1404 5806 nuno
1428 5758 1557 5819 tnrnquuut
1571 5747 1655 5804 Deum
1676 5747 1761 5803 colere
1789 5747 1874 5817 capit,
1896 5756 1922 5800 et

305 5807 405 5896 lternm
418 5819 507 5868 autem
523 5827 571 5868 nee
584 5813 625 5868 lns
644 5815 718 5874 debet
728 5818 837 5890 ipnosei.
1121 5821 1255 5879 coristitait
1273 5821 1340 5878 inter
1354 5837 1438 5878 servm
1453 5836 1514 5876 suos
1527 5837 1603 5876 sarra
1615 5829 1638 5874 at
1653 5817 1792 5890 soenfina.

306 5881 414 5940 Stenrm
424 5893 526 5941 tanturn
541 5893 680 5956 potuerunt
693 5891 771 5958 seire,
786 5899 814 5945 ut
825 5900 927 5961 possent
941 5892 1071 5950 aetimare
1158 5891 1259 5950 Deinde
1271 5893 1454 5952 interueniente
1478 5903 1602 5966 tentporr,
1617 5893 1809 5948 convalescente
1829 5889 1920 5960 iniquo
