4017 6334
100 357 147 416 m
739 345 843 408 leiiii
863 348 1087 410 esttuuttutt.
1683 353 1737 414 i'ib

132 471 219 529 omniu
236 483 295 528 oure
315 485 374 525 meu
396 468 490 542 dicent,
503 484 513 525 .·
528 467 654 537 Domine,
673 467 732 541 onir
745 466 845 539 {dontio
867 475 879 506 ⁸
894 468 922 530 Α
967 466 1063 524 θιιιιιιι
1075 478 1138 522 osso
1150 479 1209 524 meu
1222 466 1316 524 ditent
1328 485 1335 523 ι
1345 466 1475 534 Domine,
1486 464 1656 538 quieoimiliu
1668 466 1734 524 uuit

100 573 163 626 tili?
933 561 1054 630 ertrrterrs
1066 560 1130 634 [ilo.
1143 560 1255 634 eruens]
1267 563 1377 634 inopem
1389 561 1423 618 de
1434 576 1513 618 ntunu
1524 557 1645 616 iurti‘oris
1655 560 1733 629 eius:

129 663 241 734 Eripienu
254 663 360 730 inopem
377 661 411 716 de
424 676 504 715 menn
517 660 657 731 fortiorum
674 661 732 732 ejus
748 674 758 713 .·
774 673 883 730 euenum
934 668 1050 725 egenum
1072 663 1100 710 et
1121 669 1300 726 pauperentn
1320 654 1488 726 rapientibus
1508 669 1568 710 eunt
1583 653 1647 727 [lle.
1664 652 1732 710 dirt-

98 767 119 811 et
129 769 259 827 petonem
270 752 477 821 etliripimtiiue
487 767 557 806 ιιιιιι.
569 747 817 820 extremuerunt
828 749 882 803 ini-
934 745 1096 818 trientibus}
1607 817 1609 822 Ι

101 849 139 920 rui
150 845 631 918 meiqnmobemimerronetrontme.
969 839 1158 910 Exsurgentes
1174 840 1238 913 lile.
1257 839 1443 912 insurgentes]
1461 847 1546 898 testes
1563 837 1659 910 iniqui,
1670 853 1733 909 qute

129 936 306 993 Retribuebant
330 935 396 992 nnlti
418 935 491 990 rnulo
514 949 562 1006 pro
585 933 691 990 ionio:
718 931 882 989 sterilitatem
933 929 1091 1001 ignorabam
1111 931 1317 1004 interrogabant
1335 947 1378 988 me
1404 949 1410 986 ι
1432 939 1461 988 et
1475 931 1539 1006 [lle.
1562 940 1613 987 tue.
1632 927 1671 1004 et]
1689 945 1733 988 re-

99 1031 181 1084 enine
191 1044 265 1084 mete.
934 1022 1093 1080 tribuebant
1114 1024 1181 1081 milri
1208 1023 1278 1080 muln
1303 1038 1352 1098 pro
1377 1023 1477 1090 bonis,
1504 1030 1534 1078 et
1560 1021 1732 1078 etertttmtem

127 1121 177 1194 dyo
189 1129 276 1176 oeten
289 1137 350 1178 eune
366 1121 432 1176 erili
451 1119 554 1176 molenti
569 1127 677 1176 eurem:
696 1117 827 1174 tmueter
844 1118 883 1175 ei·
932 1115 1030 1171 enimn
1049 1129 1128 1172 mene.

98 1215 158 1268 licio.
969 1207 1026 1278 Ero
1040 1217 1131 1264 tutent
1151 1207 1215 1263 dum
1231 1207 1297 1280 [lle.
1317 1206 1391 1282 eum]
1412 1207 1477 1262 mibi
1493 1204 1599 1262 molesti
1615 1211 1732 1261 essent:

124 1303 300 1359 llumiliulum
316 1303 344 1358 in
363 1303 469 1376 jejunio
490 1304 605 1357 unimam
617 1317 727 1358 meum:
748 1309 773 1358 et
794 1302 881 1358 oratio
932 1299 1077 1356 induebam
1093 1315 1137 1356 rne
1150 1301 1239 1358 cilicio
1255 1300 1320 1374 lile.
1343 1300 1492 1374 cilicium],
1513 1311 1540 1356 et
1553 1297 1733 1355 humiliabam

97 1413 145 1451 neu
154 1396 180 1450 in
189 1396 314 1450 einumeo
327 1405 502 1452 contentetur.
932 1393 959 1448 in
974 1391 1078 1463 jejunio
1091 1393 1209 1446 animem
1226 1407 1327 1459 meum,
1342 1400 1370 1448 et
1384 1393 1473 1448 orntio
1485 1405 1544 1446 meu
1556 1391 1583 1446 in
1598 1389 1660 1446 sinu
1670 1403 1732 1446 meo

127 1487 199 1554 Queri
216 1488 381 1558 proximum,
407 1497 419 1526 e
440 1494 465 1540 et
480 1473 555 1558 quoii
574 1490 683 1557 {mtrem
704 1485 882 1554 nostrumne
933 1483 998 1558 [lle.
1013 1483 1108 1542 Sinum
1122 1484 1223 1557 meum]
1238 1484 1458 1542 convertebatur.

96 1573 272 1643 complacebam
283 1592 293 1631 .·
304 1577 381 1646 qunti
393 1577 485 1649 iuuene
497 1584 521 1633 et
535 1577 714 1644 enutrirentur,
734 1576 772 1633 oie
791 1577 882 1634 lemni·
968 1576 1045 1634 sieut
1056 1578 1219 1648 proximum,
1233 1583 1260 1631 et
1272 1576 1338 1648 [lie.
1352 1586 1403 1632 loe.
1416 1574 1455 1649 et]
1466 1575 1535 1632 sieut
1548 1573 1657 1631 leutrem
1672 1589 1734 1631 noe

96 1667 180 1723 linior.
425 1698 431 1708 ·
933 1677 1022 1737 trum,
1039 1671 1075 1725 bn
1089 1668 1294 1739 complacebam
1311 1685 1317 1722 :
1331 1678 1459 1740 tunquam
1477 1667 1574 1738 iugens
1588 1675 1617 1722 et
1630 1666 1733 1723 contri·

125 1758 154 1814 lit
169 1757 305 1814 cinereum
324 1774 365 1814 me
378 1759 460 1828 lutati
473 1767 546 1826 runt,
559 1767 584 1813 et
597 1766 772 1815 conuenerunt
788 1774 798 1815 .·
812 1775 876 1816 eon·
931 1768 1036 1825 utetur,
1051 1761 1087 1814 itu
1101 1759 1275 1815 humiliabor.

97 1859 345 1922 monmorentenper
359 1866 399 1904 nte
409 1849 529 1924 donello,
543 1860 566 1905 et
580 1850 707 1922 innormi.
895 1840 920 1902 D
969 1847 1134 1907 hildbertus
1158 1865 1203 1906 nte
1222 1849 1304 1905 lmttti
1329 1859 1407 1916 sunt,
1428 1858 1456 1906 et
1478 1858 1680 1919 conuenerunt,
1703 1857 1731 1906 et

123 1939 241 2011 Direipeti
252 1951 333 2008 runt,
348 1957 396 1996 nee
408 1940 571 2010 compuncti,
583 1949 742 1997 tentuuerunt
754 1958 810 2008 me,
823 1941 883 1996 tub-
934 1949 1170 2014 congregaverunt
1180 1941 1207 1998 in
1224 1957 1268 1997 nte
1280 1941 1405 2012 bugella,
1420 1950 1448 1998 et
1462 1941 1668 2014 ignoraverunt.
1713 2011 1730 2022 ,Α

96 2041 251 2088 rennuerunt
265 2048 310 2088 me
327 2033 545 2090 rubronnutione:
564 2033 738 2105 {reinduerunt
753 2048 880 2104 turrerme
968 2032 1481 2103 Dissolutieunt,neccompunetisunt,
1493 2041 1729 2102 tentaverunture,

99 2125 202 2179 dentilru
214 2125 279 2180 rete.
932 2131 962 2181 et
973 2125 1130 2181 deriserunt
1144 2123 1235 2180 derisu
1247 2123 1413 2180 :striderunt
1426 2125 1452 2180 in
1466 2139 1509 2180 me
1520 2123 1650 2182 dentibus
1660 2127 1728 2181 stris.

122 2215 653 2288 Domine‚quendoretuleietlliertilue
663 2218 778 2272 animum
795 2232 881 2272 meum
970 2215 1101 2284 Domine,
1135 2217 1243 2286 quondo
1275 2213 1426 2286 respicies?
1450 2215 1574 2272 ltestitue
1608 2217 1727 2273 unimam

94 2310 272 2380 eruliqnitete
285 2323 393 2379 eorum,
408 2325 426 2364 e
439 2305 557 2362 leonibus
569 2308 676 2362 unicum
688 2322 784 2362 meum.
933 2323 1023 2364 meum
1038 2323 1053 2364 u
1076 2307 1227 2364 nroleluetis
1245 2307 1317 2381 [lle.
1335 2308 1368 2365 ub
1384 2308 1511 2382 astutiis]
1534 2324 1647 2380 eorum,
1670 2319 1728 2368 otu

122 2397 258 2468 Confitelor
273 2400 321 2454 tibi
333 2400 361 2454 in
374 2397 482 2454 eeeledo
504 2413 600 2468 neone
618 2413 628 2452 .·
643 2399 671 2452 ιιι
685 2397 786 2470 populo
808 2396 882 2469 orori
933 2397 1060 2456 leonibus
1075 2399 1182 2456 unicum
1193 2415 1294 2457 meum.

93 2489 232 2545 lordulote.
968 2491 1124 2548 Conlitebor
1140 2493 1208 2561 tibi,
1229 2493 1354 2562 Domine,
1370 2493 1397 2549 in
1410 2493 1526 2551 ecelesia
1541 2509 1636 2565 magno
1651 2494 1658 2568 l
1674 2493 1725 2552 iit.

122 2580 176 2638 um
198 2580 412 2654 rumqomlennl
436 2583 519 2653 mibi,
544 2583 589 2656 qui
620 2583 794 2640 oduereuntur
818 2584 882 2639 milri
932 2585 1017 2641 multu
1030 2582 1040 2655 ]
1055 2601 1063 2642 ε
1080 2585 1105 2640 in
1121 2585 1219 2657 populo
1232 2585 1306 2654 grant
1323 2585 1439 2642 lutrdnbu
1452 2593 1488 2642 te.

92 2676 165 2746 ieiune
179 2691 188 2730 .·
201 2677 244 2746 qui
265 2675 374 2730 oderunt
389 2689 430 2729 me
442 2675 542 2747 brutio,
558 2683 582 2728 et
596 2684 718 2730 nnnuunt
731 2674 825 2730 ocullr.
968 2674 1003 2730 Ut
1015 2675 1085 2747 [tte.
1100 2684 1165 2729 lucet
1175 2685 1204 2729 ut
1215 2673 1225 2747 ]
1237 2691 1288 2730 uon
1302 2675 1433 2733 insultent
1452 2677 1478 2731 itt
1493 2691 1537 2734 me
1554 2677 1617 2750 [lle.
1633 2677 1728 2750 mihil,

122 2767 242 2834 bronium
265 2765 332 2820 milri
352 2764 457 2836 quidem
475 2763 582 2837 poelliee
597 2764 793 2837 loquebantur:
809 2775 832 2821 et
853 2765 881 2820 in
931 2765 977 2838 qui
988 2764 1165 2822 adversantur
1177 2765 1242 2821 mibi
1254 2765 1345 2836 inique
1362 2785 1368 2822 ι
1384 2767 1432 2838 qui
1445 2768 1560 2824 oderunt
1575 2785 1618 2826 me
1629 2769 1727 2841 gratis,

91 2854 264 2930 iracundie-X·
276 2866 351 2911 terne
367 2855 380 2924 ζ
395 2852 408 2891 ¹¹
423 2854 555 2936 loquenten
569 2853 644 2910 dolor
656 2854 815 2928 cogitabunt.
930 2866 960 2917 et
967 2859 1123 2915 minuebant
1137 2858 1201 2932 [ιιι.
1214 2859 1379 2932 annuentes]
1392 2861 1492 2916 oeulis.

122 2948 152 3002 Et
165 2948 342 3004 ddumuerunt
353 2962 482 3019 ruperint
495 2962 622 3019 ortuum,
636 2947 761 3004 dixerunt
772 2963 782 3004 :
793 2945 878 3018 Eume,
966 2950 1100 3022 eronium
1114 2950 1179 3008 nribi
1190 2951 1299 3023 quidem
1314 2951 1428 3022 puelliee
1443 2950 1453 3025 [
1467 2950 1520 3007 ile.
1535 2951 1648 3026 pneisseu
1663 2949 1726 3024 ilo·

92 3055 160 3110 enne,
173 3038 296 3094 uiderunt
308 3037 377 3092 oculi
390 3037 484 3093 nostri.
930 3043 1087 3113 tuebuntur
1103 3063 1109 3098 2
1132 3051 1159 3100 et
1173 3058 1257 3113 super
1271 3044 1339 3098 irum
1355 3041 1418 3116 [ile.
1434 3043 1462 3099 in
1477 3043 1528 3118 tm]
1542 3042 1637 3100 dolose
1650 3045 1725 3116 cogi-

124 3127 228 3200 i'idiui,
244 3130 378 3197 Domine,
394 3144 425 3184 ne
447 3128 526 3185 eileue
548 3144 558 3184 .·
573 3127 699 3198 Domine,
714 3145 746 3186 ne
759 3128 879 3185 discedet
931 3133 1035 3190 tubum.

17 3207 20 3219 '
92 3235 163 3276 unte.
892 3213 916 3277 C
970 3223 1219 3282 ίιιιιιιιιιιιιιιιιιιιιι
1234 3241 1278 3283 me
1299 3240 1330 3282 os
1350 3240 1446 3294 uuum,
1463 3226 1593 3284 dixerunt
1609 3245 1616 3282 ι
1630 3226 1725 3301 Euge,

120 3310 243 3384 llrrerne,
268 3310 413 3367 etin‘ende
430 3310 534 3385 judicio
554 3325 610 3365 meo
638 3306 735 3366 :Dent
750 3321 878 3381 mene,et
929 3317 1245 3389 eugu,tideruntoculi
1268 3319 1354 3374 nostri
1372 3335 1380 3374 ι
1397 3317 1506 3388 ridiuti,
1535 3319 1667 3385 Domine,
1691 3333 1727 3375 tre

94 3403 206 3462 borunur
222 3415 234 3444 ⁸
251 3421 323 3460 meur
334 3406 362 3460 in
376 3421 481 3462 ctutum
494 3420 590 3459 meone.
928 3411 996 3466 nilne
1008 3429 1014 3465 :
1027 3411 1151 3477 Domino,
1168 3425 1201 3466 no
1216 3409 1340 3469 discedat
1355 3425 1370 3466 u
1386 3425 1440 3469 me.

118 3497 205 3552 letica
219 3513 262 3552 me
274 3496 418 3551 secundnm
428 3496 560 3570 junilium
572 3505 659 3565 tuem,
677 3493 787 3552 Domine
807 3493 879 3551 Deue
966 3503 1111 3574 Exsurge,
1137 3503 1272 3571 Domine,
1292 3511 1321 3559 et
1346 3503 1457 3560 intende
1482 3501 1614 3572 judicium
1635 3516 1725 3558 meum

91 3609 165 3662 meur,
179 3603 203 3648 et
215 3610 271 3648 non
287 3592 497 3664 urrumnoudeunt
510 3591 585 3647 milri.
931 3593 1006 3669 [ile.
1020 3594 1122 3666 judicio
1136 3593 1219 3666 meo]
1235 3593 1411 3662 berismund,
1427 3603 1455 3652 et
1466 3593 1598 3652 Dominus
1610 3609 1689 3652 meus
1699 3595 1727 3650 ιιι

120 3688 176 3744 lion
188 3690 279 3744 dieunt
293 3688 322 3743 in
334 3687 457 3742 eordibne
468 3687 524 3742 ruit
537 3701 546 3740 :
560 3684 645 3757 Eune,
660 3681 672 3723 ¹
688 3700 764 3756 eune,
781 3683 879 3742 unlmte
929 3701 1042 3744 causum
1058 3701 1157 3742 meum.

90 3792 173 3837 norum
185 3799 197 3838 .·
211 3799 259 3837 nee
274 3782 364 3837 dieunt
379 3796 389 3836 .·
405 3780 588 3835 Deeornrlnme
602 3796 671 3835 eum.
964 3778 1065 3835 ludite
1087 3791 1130 3834 me
1154 3777 1161 3829 l
1189 3775 1340 3832 secundnm
1360 3789 1485 3845 mugnem
1511 3775 1726 3834 misericordium

120 3871 295 3942 Erubuerunt,
312 3883 337 3928 et
351 3880 518 3928 revereantur
534 3871 626 3942 timul,
647 3869 693 3944 qui
714 3869 880 3942 1ιιιαιιιιιιιιιιιι
930 3877 1004 3928 tuem
1018 3911 1027 3940 ,
1042 3869 1159 3926 Domine
1170 3869 1243 3926 Deus
1257 3883 1351 3936 mette,
1367 3877 1461 3925 utnon
1474 3869 1607 3925 insultent
1634 3869 1661 3924 in
1681 3884 1727 3924 me

90 3967 161 4020 nette
174 3966 249 4021 meir.
563 3955 570 3965 ’
914 3963 1036 4020 inimici
1048 3963 1101 4020 mei
1119 3979 1126 4017 ι
1143 3977 1194 4019 nee
1207 3961 1300 4018 dieunt
1324 3961 1351 4017 in
1375 3961 1504 4018 cordibus
1523 3963 1580 4018 tuis
1603 3978 1611 4016 ι
1633 3961 1726 4032 Euge,

119 4054 266 4111 induuntur
278 4054 438 4127 conluuione
457 4063 481 4109 et
495 4053 660 4122 reuerentia,
679 4051 726 4125 qui
751 4062 765 4102 ι
785 4069 880 4126 meone
930 4071 1021 4128 euge,
1029 4055 1127 4111 unimur
1139 4065 1250 4121 nostem,
1261 4069 1311 4110 nee
1321 4054 1426 4111 dieunt:
1439 4053 1640 4110 obsorbuimus
1651 4069 1725 4110 eum.

91 4143 312 4221 lomenturruper
327 4161 378 4200 me.
965 4147 1153 4216 Erubeseant‚
1181 4155 1208 4202 et
1231 4155 1410 4202 revereamur
1433 4143 1535 4208 simui,
1562 4145 1607 4215 qui
1630 4153 1725 4215 grutu-

121 4235 273 4305 lierultent,
289 4237 501 4307 etltetenturqui
515 4237 605 4292 oolrtnt
625 4237 758 4311 justitium
771 4253 879 4294 meunt:
931 4238 1022 4293 lentur
1037 4236 1114 4291 mulis
1131 4237 1218 4292 meis:
1234 4234 1730 4306 induenturpudoreetreverentie,
1811 4281 1814 4288 .

89 4335 109 4380 et
129 4329 212 4385 dicent
233 4345 358 4403 uerrrper:
374 4329 558 4401 llnynificetur
570 4326 715 4396 Dominur,
730 4331 775 4400 qui
788 4331 879 4386 uolunt
930 4328 977 4401 qui
991 4343 1087 4398 magne
1103 4327 1252 4399 loquuntur
1265 4327 1409 4383 aduersum
1423 4341 1478 4384 tue.

91 4437 169 4488 uocem
180 4424 249 4478 reroi
261 4425 329 4492 eine.
466 4439 473 4449 ·
968 4421 1112 4478 Exsulteut
1125 4429 1151 4476 ut
1164 4420 1292 4476 intentur
1303 4419 1349 4490 qui
1364 4419 1460 4477 uolunt
1470 4419 1604 4490 justitium
1615 4433 1705 4478 meunt
1721 4437 1729 4475 ι

122 4511 152 4564 lit
174 4513 269 4586 linque
291 4529 349 4569 meu
372 4511 540 4567 meditabitur
548 4511 680 4584 juditium
695 4519 768 4567 tuom
794 4525 804 4568 .·
826 4518 881 4568 toto
931 4521 961 4572 et
973 4513 1066 4570 dicunt
1079 4527 1187 4584 temper
1199 4530 1206 4568 ι
1218 4511 1404 4584 ttagmtteetur
1415 4512 1557 4579 Dominus,
1573 4514 1621 4584 qui
1635 4513 1731 4569 nolunt

90 4601 126 4659 die
139 4596 244 4662 lebetem
258 4616 342 4663 tuum.
932 4619 1026 4677 meum
1040 4604 1114 4661 uerti
1127 4605 1196 4675 ejus.
1211 4605 1266 4660 Sed
1280 4603 1345 4678 [lle.
1360 4614 1426 4662 tueet
1444 4603 1503 4678 ted]
1523 4615 1550 4662 et
1563 4607 1653 4677 lingue
1669 4621 1730 4662 meu

699 4781 712 4793 ..
893 4665 1260 4771 1)ιιιειιιιιιιιιιιιιἰιειίιιιιιι
1278 4709 1352 4754 ιιιιιιι
1370 4699 1624 4757 :tutudieleudem
1644 4706 1730 4754 tuum.

121 4919 196 4976 ·tt-·.
206 4921 347 4978 Palatinus
360 4923 419 4994 quir
433 4923 526 4978 rintilir
540 4925 602 4980 tuit
970 4925 986 4965 h
998 4925 1174 4983 Continentur
1185 4927 1261 4999 iuxta
1275 4928 1389 4998 August.
1401 4927 1553 4984 Veronens.
1574 4939 1626 4980 me.
1643 4933 1667 4981 et
1679 4925 1731 4980 ud-

121 4987 135 5026 *
150 4991 244 5046 Denuo
255 5002 359 5049 temere
373 4994 479 5058 uriorS
494 4995 584 5050 littere
596 4995 622 5053 in
637 4995 753 5053 Patrue.
769 5011 821 5053 nte.
832 4996 880 5054 de·
933 5013 1021 5054 uerum
1040 5015 1080 5053 me
1094 4998 1175 5054 ltelnti
1188 5007 1264 5064 eunt,
1279 5006 1303 5052 el
1322 5009 1493 5053 conuenerunt
1508 4999 1535 5051 in
1550 5012 1647 5057 unum,
1669 5011 1734 5049 eon·

91 5057 164 5126 tetur,
179 5071 211 5116 ut
225 5063 331 5134 legatur
345 5065 506 5127 elioeensu,
520 5063 655 5138 llrnenter.
681 5064 687 5075 '
933 5077 1040 5140 erenum
1055 5079 1116 5124 euru
1139 5071 1166 5124 in
1180 5087 1220 5124 nte
1233 5069 1355 5141 [lonella.
1377 5077 1402 5123 et
1412 5069 1606 5138 innorooerunt.
1623 5064 1732 5120 Dieeirei

124 5132 282 5214 ‘luendum
298 5149 351 5188 ms.
368 5143 391 5190 et
403 5135 500 5204 eopttln
517 5136 699 5194 detineretur.
933 5149 1014 5194 eunt:
1030 5147 1085 5195 tum
1100 5148 1123 5195 et
1139 5140 1359 5196 eubrnnnanerunt
1372 5153 1414 5191 me
1424 5137 1664 5202 rubrenrretionem,
1675 5143 1730 5191 ele.

104 5197 135 5280 ,ι
149 5201 263 5258 indetur
277 5205 368 5270 insum
383 5219 492 5274 unoque
514 5208 627 5262 verbnm
642 5208 792 5278 loquentes,
808 5216 882 5263 este-
973 5209 981 5247 i
997 5208 1026 5264 in
1042 5209 1192 5280 Augustino
1205 5221 1233 5265 et
1252 5209 1396 5265 Veronensi
1413 5223 1478 5272 ms„
1494 5215 1517 5262 et
1534 5206 1731 5260 dilataberunt:

92 5281 157 5324 nseu
181 5272 391 5341 illustrettdum,
414 5275 473 5331 siue
499 5277 551 5346 ipsi
572 5280 761 5350 postponendo
789 5278 881 5334 bruelio
936 5289 992 5334 tum
1006 5279 1077 5335 idem
1094 5281 1153 5350 plus
1169 5281 1254 5336 babet
1265 5280 1387 5334 dixerunt
1401 5276 1480 5341 milri,
1494 5277 1565 5346 quod
1581 5291 1730 5344 pronomen

92 5351 181 5420 boneta
199 5359 207 5396 ε
224 5343 252 5398 in
272 5344 377 5401 Grecis
398 5346 471 5400 enirn
498 5348 701 5420 exemplaribus
727 5351 881 5404 eommunis
936 5365 1024 5420 neque
1039 5349 1150 5408 Graecus
1166 5353 1227 5422 ipse
1239 5359 1346 5413 tentus,
1365 5361 1416 5402 neu
1431 5345 1505 5415 libri,
1521 5361 1590 5418 quos
1601 5347 1671 5414 ecio,
1684 5345 1730 5400 ulii

92 5407 214 5467 editionis
227 5423 371 5485 utrumque
384 5416 789 5492 desideretur,7·neia.teirere.
936 5421 1048 5477 babent.

110 5489 137 5560 ᾖ
150 5481 178 5536 ln
198 5481 322 5540 Palatino
345 5499 397 5542 mo.
413 5501 563 5556 pronomen
578 5505 668 5558 meur,
690 5491 770 5547 obelo
790 5488 884 5546 eonio-
976 5493 984 5541 ι
997 5491 1024 5544 lu
1036 5489 1188 5546 Veronensi
1199 5501 1276 5558 mque
1289 5494 1371 5556 utqtre
1381 5482 1578 5552 Arrgustintrmo
1588 5486 1732 5548 Psatterio,

93 5547 172 5605 (bibl-
938 5559 1036 5615 intua
1051 5575 1103 5627 rue,
1122 5560 1244 5623 Dortriue,
1260 5559 1399 5610 urcundum
1412 5556 1544 5626 justitium
1558 5573 1662 5620 nteunt,
1677 5553 1731 5609 Do·

126 5618 274 5677 ‘Alterum
288 5639 356 5696 eune
378 5626 405 5681 in
430 5627 546 5683 Pelulin.
573 5643 625 5685 ms.
651 5643 719 5685 retu
744 5630 885 5699 prteltnntn
939 5631 1008 5684 mine
1021 5629 1091 5683 Dens
1113 5646 1199 5694 meter,
1226 5643 1276 5681 non
1292 5629 1426 5689 inrnltent,
1439 5633 1505 5694 ele,
1521 5643 1573 5680 non
1596 5628 1683 5679 dieunt
1705 5627 1733 5678 iu

94 5687 169 5746 nabet
185 5709 192 5744 :
217 5701 272 5748 tum
286 5696 469 5754 denorubinrne
483 5713 533 5766 nro
545 5699 723 5754 deuoroninrur
738 5702 848 5769 trgum:
940 5700 1088 5764 cordetuo,
1104 5710 1130 5754 et
1146 5698 1325 5752 obsorbuimus
1337 5712 1385 5768 pro
1400 5696 1578 5752 obsorbuimus
1592 5711 1601 5748 :
1617 5697 1733 5763 deniqne

127 5769 140 5805 ι
155 5761 233 5815 ilmtd
253 5764 322 5818 bene
342 5768 370 5822 in
393 5768 489 5824 eodem
507 5783 570 5838 nte,
590 5771 706 5841 melione
719 5771 887 5843 loquuntur:
941 5771 1021 5838 prtttlo
1035 5779 1112 5838 riost,
1133 5769 1386 5838 1ιιιιιιιιιιιιιιιιι·ιιιιιιιέ
1400 5768 1474 5836 nteit,
1488 5768 1736 5846 irrdurmtnrcontrta

96 5841 270 5904 immone,
284 5845 339 5892 ett-
940 5840 1037 5895 et'onerrt
1050 5841 1262 5896 etreutmntittrn.
