4017 6334
81 361 131 418 its
631 355 731 416 cluuu
752 354 895 418 adludit
915 349 1181 419 ucustotdttllu.
1677 355 1731 416 ill

82 479 117 551 (at
128 491 190 536 cnm
210 491 246 535 eo
258 475 400 548 Priscilla,
420 483 449 533 et
466 475 576 550 hquila)
588 476 633 548 qui
654 478 705 535 sibi
717 476 871 533 totonderat
884 483 910 540 Α
922 476 998 542 lesu,
1011 477 1148 534 dicentes:
1165 472 1268 546 hdjmo
1282 483 1330 530 vos
1343 485 1392 544 pcr
1410 470 1514 539 lesum,
1536 485 1617 545 quem
1630 470 1731 530 Paulus

82 572 107 627 in
127 569 262 628 cenchris
275 581 359 641 caput
376 591 383 628 ι
405 569 524 626 habebat
540 569 612 626 cnlut
627 577 731 627 nutum.
749 571 877 628 Detetnit·
930 570 1069 643 praedicat.
1088 569 1175 626 Erant
1188 577 1277 625 autem
1291 567 1398 640 quidam
1414 566 1501 624 ludaei
1516 565 1608 624 sceva
1628 567 1729 638 priuci-

81 678 129 735 qae
139 662 299 734 Ephesum,
314 671 342 722 ct
358 663 418 720 illos
432 662 468 720 ihi
483 663 605 733 reliquit.
621 662 681 736 lpse
691 681 758 721 vcro
773 664 879 736 inpres-
931 664 972 738 pis
987 667 1158 724 sacerdotum
1174 675 1277 738 septem
1292 665 1355 732 dlii,
1384 662 1430 737 qni
1447 662 1499 720 hoc
1516 663 1661 719 iaciebant.
1676 663 1730 719 lle-

81 772 124 812 sus
133 771 317 829 synagogam,
332 757 492 830 disputabat
504 774 566 814 curn
580 757 693 815 ludaeis.
708 759 878 831 lloqantibus
931 760 1069 831 spondens
1082 770 1173 818 autem
1192 760 1304 830 spiritus
1324 773 1450 831 nequam,
1471 755 1539 813 dixit
1558 756 1598 812 cis
1612 773 1619 810 ι
1635 756 1728 812 lesum

81 861 168 908 autem
181 851 235 918 eis,
248 860 280 907 ut
293 851 419 923 ampliori
438 840 564 923 tempore
584 860 723 920 maneret,
738 865 792 908 non
811 866 878 907 con·
931 855 1004 924 nori,
1021 863 1047 910 et
1059 853 1174 936 'Paulum
1189 855 1245 912 scio
1262 872 1269 909 :
1285 868 1334 910 vos
1353 860 1442 909 autern
1455 851 1502 924 qni
1515 851 1602 907 estisl
1618 850 1650 906 lit
1664 847 1730 906 insi-

82 945 173 1014 aensit,
195 944 245 1002 sed
258 945 435 1013 caluariam,
450 955 479 1002 ct
492 946 607 1004 dicens:
629 944 730 1004 lterum
755 956 879 1003 retertur
932 946 1001 1004 licus
1012 947 1038 1004 in
1049 962 1097 1006 cot
1111 949 1204 1016 homa,
1221 948 1247 1004 in
1261 963 1316 1020 quc
1326 955 1384 1003 ιιιι
1394 944 1557 1000 ιιιιιιιιιιιι
1570 943 1727 1014 pessimum,

82 1037 115 1098 ai
134 1052 201 1110 ros,
226 1038 285 1094 ileo
306 1039 426 1108 rodente,
443 1037 583 1111 proiectus
598 1048 640 1096 est
657 1038 692 1096 ab
706 1037 829 1111 Epheso.
844 1037 880 1094 Et
932 1048 961 1098 ιι
980 1039 1138 1098 dominatus
1158 1041 1311 1108 amborum,
1328 1037 1442 1095 ltmaluit
1467 1046 1561 1094 contra
1576 1051 1635 1106 cos,
1651 1036 1687 1090 ιιι
1700 1047 1731 1090 ιι

81 1130 247 1190 decendens
266 1131 432 1199 Cusarcam
448 1132 583 1200 ascendit,
599 1141 627 1191 et
638 1133 768 1191 salutauit
781 1132 878 1190 Ecclc·
932 1132 1014 1201 uadi,
1029 1143 1057 1192 et
1072 1135 1207 1192 uulnerati
1228 1133 1378 1206 elingercnt
1390 1131 1424 1189 de
1439 1130 1521 1187 domo
1542 1129 1598 1185 illa.
1613 1129 1670 1185 lloc
1685 1144 1733 1184 ιιι-

80 1227 156 1293 tiam,
166 1235 196 1283 et
207 1228 353 1285 descendit
365 1227 549 1284 Antiochiano.
563 1227 598 1284 Et
610 1227 683 1285 lacto
692 1228 729 1284 ihi
740 1227 880 1300 aliquanto
933 1233 988 1285 lem
1000 1235 1094 1283 notum
1108 1226 1207 1285 lactum
1223 1236 1265 1285 cst
1279 1225 1404 1284 omnibus
1418 1224 1530 1292 ludaeis,
1545 1235 1626 1296 atquc
1641 1223 1732 1294 genti·

82 1331 204 1391 ternpore
217 1319 356 1392 proiectus
367 1329 429 1387 est,
440 1319 632 1392 perambulans
644 1335 679 1377 ca
690 1319 788 1376 ordine
800 1319 881 1376 Gala·
932 1319 1016 1390 libns,
1032 1321 1077 1394 qui
1091 1321 1250 1379 habitabant
1266 1321 1366 1393 Ephesi
1383 1338 1389 1374 ι
1404 1328 1431 1376 ιι
1445 1318 1546 1376 cecidit
1559 1319 1640 1374 timor
1651 1333 1733 1388 supet·

82 1412 158 1470 ticam
182 1411 340 1486 reqionum,
358 1421 389 1469 ιι
409 1412 573 1486 Pltryqitm,
599 1412 765 1469 conlirmans
785 1426 880 1468 omnes
933 1427 1029 1470 omnes
1051 1413 1124 1485 illus,
1140 1422 1169 1471 ct
1181 1413 1404 1486 magnificabatur
1419 1429 1518 1470 nomen
1533 1411 1640 1468 Domini
1654 1409 1731 1468 lesu.

79 1505 239 1577 discipulos.
255 1505 368 1562 ludaeus
383 1515 474 1563 antem
498 1505 623 1578 quidam,
639 1505 737 1575 apollo
752 1507 878 1574 numine,
934 1506 1063 1578 llultiquc
1084 1506 1252 1564 credentium
1269 1507 1432 1575 veniebant,
1447 1506 1620 1572 condientes,
1641 1513 1668 1562 ιι
1681 1519 1733 1560 ιι·

79 1598 415 1673 Alexandriachuere,
431 1599 640 1671 ineloquens,
661 1599 774 1656 devenit
788 1597 881 1670 Ephe·
933 1601 1090 1656 nuntiantes
1112 1610 1188 1657 actus
1213 1616 1287 1657 snos.
1311 1609 1325 1640 ι
1346 1599 1419 1657 llulti
1445 1609 1535 1656 autem
1557 1617 1592 1656 cn
1611 1599 1661 1667 cis,
1688 1599 1734 1670 qni

81 1711 157 1763 sum,
174 1704 272 1767 pateus
295 1695 323 1751 in
335 1695 497 1766 scripturis.
517 1694 567 1751 llic
585 1703 646 1751 erat
667 1694 782 1751 edoctus
805 1693 879 1750 riam
933 1691 1040 1748 lucrant
1060 1692 1169 1749 curiosa
1184 1693 1301 1760 secanti,
1315 1693 1489 1749 contulerunt
1509 1691 1603 1760 libros,
1619 1701 1734 1748 etcum·

80 1788 185 1846 llumittl
203 1804 212 1846 t
227 1797 256 1846 ct
277 1786 385 1846 lerrcus
406 1787 504 1858 spiritu
520 1786 702 1858 loquebatur,
717 1800 745 1843 et
765 1787 882 1844 docebat
933 1782 1079 1841 bussertmt
1098 1800 1191 1842 curam
1207 1785 1333 1844 omnibus
1350 1803 1357 1840 ι
1372 1793 1399 1843 ιι
1414 1786 1577 1857 computatis
1597 1785 1689 1856 pretiis
1702 1783 1737 1840 il·

80 1882 263 1953 diliqctttcrca
276 1895 338 1954 qnae
351 1890 417 1938 sunt
428 1880 506 1948 lesu,
521 1881 612 1938 sciens
628 1889 733 1937 tantum
746 1880 880 1952 baptisma
894 1881 920 1944 Β
934 1876 1032 1946 lorum,
1056 1879 1221 1936 invenerunt
1243 1881 1384 1950 pecuniam
1405 1879 1580 1937 denariorum
1603 1881 1738 1952 quinqua·

80 1975 203 2032 loannis.
219 1977 269 2032 llic
285 1989 353 2048 erqo
376 1975 459 2046 toepit
476 1973 640 2030 liducialitcr
652 1988 734 2046 apere
754 1972 783 2028 ιιι
801 1987 883 2045 syna·
932 1969 1006 2042 ginta
1021 1971 1145 2028 millium.
1162 1971 1202 2029 lta
1225 1971 1333 2030 lurtiter
1344 1971 1484 2029 crescebat
1498 1972 1610 2031 uerbum
1630 1972 1690 2040 llei,
1710 1981 1739 2027 ct

80 2083 153 2140 qoqa.
179 2067 270 2138 Quem
295 2083 357 2126 cum
377 2067 496 2124 audisset
520 2065 644 2124 Priscilla
656 2075 685 2123 ιι
705 2065 817 2138 Aquila,
838 2079 882 2122 as·
933 2065 1154 2123 coudrutahatur.
1170 2065 1219 2122 llis
1232 2075 1322 2121 autem
1337 2065 1470 2138 expletis,
1483 2064 1625 2138 proposuit
1639 2064 1738 2122 Paulus

81 2169 255 2234 sumpserunt
288 2175 373 2229 cunt,
405 2169 435 2216 ct
461 2159 620 2233 diligentins
643 2167 831 2230 exposuerunt
855 2159 882 2215 ci
934 2155 961 2211 iu
981 2155 1102 2228 Spiritu,
1118 2157 1231 2214 transita
1248 2157 1405 2216 llacedonia
1426 2165 1455 2215 ιι
1475 2157 1590 2228 hchaia,
1606 2156 1739 2216 irelern·

81 2254 147 2312 riam
160 2255 283 2312 Domini.
295 2253 364 2311 Eunt
374 2261 466 2311 autem
479 2254 563 2309 uellet
573 2253 613 2309 ire
626 2253 767 2336 Achaiam,
783 2251 883 2309 erbor-
934 2249 1081 2323 solymam,
1110 2249 1206 2308 (licens
1222 2268 1229 2306 :
1254 2251 1387 2319 Quoniam
1411 2259 1556 2323 postquam
1585 2248 1663 2307 luero
1691 2249 1739 2314 ihi,

82 2349 126 2404 tati
144 2348 266 2417 iratres,
290 2348 462 2419 scripserunt
480 2346 640 2418 discipulis,
660 2356 691 2402 ιι
712 2345 884 2416 sttsciperent
934 2353 1042 2415 oportet
1051 2360 1094 2402 ιιι
1107 2352 1136 2402 ιι
1146 2345 1259 2401 Romam
1272 2344 1373 2402 ridere.
1386 2344 1497 2402 hlittons
1507 2352 1599 2401 autem
1616 2347 1642 2400 in
1650 2345 1739 2400 blacc-

81 2455 148 2496 ιιιι.
170 2439 228 2510 Qui
250 2453 313 2495 cutn
328 2439 468 2508 venisset,
483 2438 600 2495 contulit
619 2437 735 2494 ntultum
759 2436 821 2504 his,
835 2438 883 2508 qni
934 2436 1044 2494 doniam
1068 2437 1136 2494 duos
1149 2454 1182 2494 ea
1202 2438 1418 2494 ministrantibus
1436 2438 1498 2509 sibi,
1511 2437 1696 2510 Timotheum,
1712 2448 1740 2496 ιι

82 2534 274 2592 crediderant.
295 2533 480 2591 Vehementer
499 2533 573 2590 enim
590 2530 701 2589 ludaeos
725 2530 884 2588 retiuccbat
934 2534 1074 2605 Erastum,
1095 2539 1153 2607 ipsc
1178 2539 1311 2594 remansit
1333 2538 1490 2610 ad'tempus
1512 2539 1541 2596 in
1563 2540 1639 2598 heia.
1657 2540 1740 2597 Furta

81 2627 205 2698 publice,
235 2627 383 2684 ostettdeus
401 2625 636 2699 perscripturus,
660 2639 722 2683 esse
738 2624 882 2681 Christum
935 2637 977 2686 est
997 2640 1088 2688 autem
1108 2629 1157 2686 illo
1175 2641 1298 2704 tempure
1314 2633 1431 2689 turbatio
1444 2648 1498 2690 non
1515 2632 1625 2690 minima
1645 2633 1680 2692 do
1696 2637 1740 2690 ιιι

82 2720 187 2778 luunt.
575 2747 579 2754 ·
935 2722 1054 2779 Domini.
1070 2721 1224 2779 Dentctrins
1244 2725 1316 2780 enlm
1338 2725 1448 2798 quidam
1472 2725 1593 2794 nominc,
1616 2737 1741 2800 amenta-

114 2815 192 2889 [Gap.
209 2812 297 2886 HL]
310 2814 424 2873 Factum
437 2822 480 2874 ιιι
492 2825 585 2872 autem
599 2857 607 2884 ,
623 2828 685 2872 cum
701 2814 800 2886 hpollo
810 2821 886 2871 esset
936 2820 1003 2885 rins,
1029 2815 1131 2872 iaciens
1144 2817 1217 2874 tedes
1231 2827 1375 2890 argenteas
1390 2817 1492 2888 bians,
1514 2819 1662 2890 pra-stabat
1673 2820 1741 2878 arti·

81 2907 216 2977 Corinthi,
227 2918 259 2966 ut
268 2909 379 2977 Paulus,
389 2909 546 2984 peragratis
555 2896 743 2982 superioribus
751 2910 884 2983 partibus,
936 2910 1033 2968 ficibus
1053 2925 1106 2966 non
1122 2911 1258 2969 modicum
1272 2924 1407 2984 quaestum
1421 2931 1427 2968 :
1444 2928 1513 2986 quos
1527 2929 1680 2972 convocans
1693 2956 1701 2984 ,
1713 2927 1742 2972 ct

83 3007 184 3062 reniret
198 3005 359 3077 Ephesum,
370 3015 400 3062 ct
413 3006 551 3064 inueniret
564 3003 696 3078 quosdam
711 3002 884 3076 discipulos:
936 3018 984 3061 cos
997 3003 1042 3077 qtst
1060 3003 1214 3076 huiusmodi
1232 3015 1309 3062 etant
1325 3005 1438 3076 opidccs
1448 3049 1455 3076 ,
1467 3007 1534 3064 dixit
1551 3008 1649 3081 :liri,
1664 3009 1740 3068 scitis

83 3098 249 3172 dixitquead
263 3114 332 3158 eos:
346 3101 376 3158 Si
388 3100 523 3173 spiritum
537 3108 662 3158 sancium
673 3098 817 3173 accepistis
825 3115 887 3156 cre·
936 3099 999 3172 qnia
1018 3102 1052 3157 tle
1066 3099 1117 3157 hoc
1131 3100 1246 3158 artilleio
1261 3110 1304 3158 cst
1317 3100 1395 3157 nobis
1408 3102 1552 3176 acquisitio
1569 3122 1575 3158 :
1587 3112 1614 3160 ιι
1627 3104 1738 3172 videtis,

84 3193 196 3250 decimi
209 3196 249 3250 dt
258 3193 298 3250 illi
310 3193 440 3252 dicerunt
448 3192 483 3250 ad
500 3209 563 3250 eum
577 3212 585 3250 ε
601 3194 656 3252 Sed
669 3209 770 3267 neque,
786 3193 810 3251 si
823 3193 886 3266 Spl·
936 3204 965 3249 ιι
976 3192 1091 3262 auditis,
1105 3193 1168 3266 quia
1188 3210 1240 3251 non
1262 3193 1353 3252 sulum
1374 3194 1475 3266 Ephesi
1490 3237 1497 3263 ,
1512 3196 1559 3254 sed
1573 3211 1641 3268 pene
1656 3198 1738 3254 totius

84 3285 149 3343 ritus
167 3295 285 3344 unctus
301 3295 354 3355 ast,
370 3286 536 3344 andivimus.
548 3287 598 3344 llle
614 3302 682 3346 tero
700 3288 759 3344 ait:
782 3288 812 3344 ln
828 3273 1139 3360 quadriaetanus
1161 3287 1205 3344 hic
1227 3288 1345 3346 suadens
1360 3290 1460 3346 avertit
1481 3290 1594 3346 multam
1618 3291 1737 3361 turbam,

84 3392 145 3450 erqo
157 3379 294 3451 baptizati
311 3379 463 3449 estileui
475 3379 626 3438 dixerunt:
645 3380 674 3436 lu
693 3379 806 3438 loannis
819 3381 885 3452 bap·
936 3379 1053 3438 dicens:
1075 3381 1203 3452 quoniam
1226 3397 1280 3438 nott
1296 3392 1360 3437 sunt
1381 3382 1431 3450 dii,
1451 3381 1498 3455 qul
1514 3383 1638 3440 manibus
1657 3383 1737 3440 dunt.

85 3474 297 3532 tismate.l)i1it
327 3485 419 3534 autent
445 3477 567 3534 Paulus:
594 3476 715 3534 loannes
738 3476 887 3550 baptisavit
936 3475 995 3533 Nou
1022 3477 1108 3532 solum
1133 3486 1224 3534 autem
1240 3476 1298 3533 ltac
1320 3475 1516 3548 periclitabitur
1530 3476 1609 3534 uobis
1629 3492 1693 3550 pars
1712 3477 1738 3534 iu

86 3567 219 3640 baptismo
235 3569 409 3640 poenitentiae
422 3571 569 3642 populum,
581 3571 696 3629 dicens:
712 3571 740 3627 ln
754 3587 828 3641 enm,
839 3573 885 3645 qni
938 3569 1155 3642 redargutionem
1170 3569 1281 3636 uenire,
1296 3569 1344 3625 sed
1363 3567 1376 3608 b
1392 3576 1418 3626 ct
1437 3584 1543 3642 maguae
1564 3568 1656 3626 Diana
1672 3581 1740 3626 tem-

85 3669 212 3720 tenturus
229 3671 304 3719 essct
324 3672 385 3734 post
408 3665 513 3735 ipsum,
530 3674 560 3721 ul
581 3666 743 3736 crederent,
761 3647 813 3724 huc
830 3676 884 3735 est,
937 3668 1010 3739 plnm
1028 3666 1054 3722 in
1071 3665 1185 3721 nihilum
1200 3665 1388 3736 reputabitur,
1405 3665 1454 3722 sed
1468 3675 1495 3722 et
1509 3664 1614 3724 destrui
1627 3665 1739 3737 incipiet

85 3755 110 3810 in
121 3756 228 3813 letum.
247 3757 296 3813 llis
312 3758 424 3824 auditis,
441 3757 570 3829 baptizati
585 3767 650 3814 snut
667 3759 694 3815 in
709 3759 821 3818 numine
834 3759 887 3816 llo·
937 3761 1065 3831 majestas
1076 3759 1146 3831 ejus,
1158 3774 1237 3831 quant
1253 3768 1308 3816 tota
1323 3761 1397 3826 dsia,
1409 3769 1435 3816 ct
1451 3760 1526 3817 urhis
1536 3759 1610 3816 colit.
1627 3760 1675 3816 llis
1689 3775 1739 3818 au·

85 3851 150 3906 mini
169 3849 250 3908 lesu.
263 3851 296 3907 Et
311 3866 373 3908 cum
388 3851 564 3923 imposuisset
578 3853 630 3909 illis
651 3868 749 3909 manns
768 3853 884 3924 Paulus,
937 3853 1021 3920 ditis,
1039 3850 1135 3922 repleti
1157 3861 1221 3909 sunt
1242 3851 1292 3921 ira,
1315 3863 1342 3908 ct
1357 3853 1578 3910 exclamaverunt
1592 3853 1736 3912 dicentes:
1763 3891 1766 3898 «

43 4000 47 4009 ,
85 3945 886 4019 teritSpiritussanctussupercos,ctloquebanturlin·
937 3945 1032 4016 hlagna
1057 3943 1140 4000 biano
1171 3942 1362 4016 Ephesiorum.
1388 3943 1423 4000 Et
1447 3945 1558 4016 ituplcta
1576 3955 1619 4002 est
1643 3947 1739 4002 ciuitas

85 4039 156 4110 quis,
170 4051 199 4096 et
214 4038 427 4111 prophetabant.
444 4038 528 4094 Erant
541 4049 634 4096 autem
649 4055 746 4096 onmes
759 4038 811 4096 tiri
828 4039 887 4096 lere
938 4036 1110 4106 confusione,
1125 4047 1153 4093 ιι
1167 4037 1296 4108 impetunt
1311 4037 1434 4094 iecerunt
1448 4051 1501 4094 uuo
1517 4039 1607 4095 aninlo
1621 4040 1648 4095 in
1664 4038 1740 4096 thca·

86 4130 238 4190 duodecim.
250 4131 539 4204 introgresuuauten
552 4145 732 4204 synagogam,
741 4145 804 4188 cum
819 4130 888 4187 ildu·
940 4140 1023 4200 trum,
1037 4139 1116 4204 rapio
1129 4130 1198 4189 Gaio
1217 4140 1245 4188 et
1258 4130 1401 4189 hristatco
1415 4133 1617 4202 Macedonibus,
1632 4134 1740 4190 comiti-

85 4225 122 4280 cia
136 4225 302 4298 loquebatur
309 4239 361 4297 per
371 4234 428 4282 tres
442 4238 562 4291 menses,
573 4224 716 4296 disputans
729 4233 758 4282 et
769 4223 888 4281 suadent
938 4225 990 4282 bus
1005 4224 1091 4282 Pauli.
1105 4225 1191 4281 Pattdo
1204 4235 1293 4281 autem
1307 4226 1414 4282 nolente
1433 4227 1536 4282 intrare
1555 4225 1582 4282 ιι
1596 4225 1739 4298 pupulum,

86 4316 215 4391 dcccque
234 4317 296 4374 [lei.
317 4317 386 4374 Eum
404 4326 497 4374 aulem
512 4317 623 4389 quidam
639 4317 848 4386 indurarentur,
860 4327 889 4374 ιι
940 4335 994 4375 ιιιι
1005 4319 1190 4391 permiserunt
1202 4318 1338 4391 discipuli.
1351 4318 1466 4386 Quidam
1480 4329 1572 4377 autem
1586 4318 1655 4376 etdc
1667 4318 1740 4377 Asia

87 4425 136 4466 non
155 4411 325 4477 crederent,
349 4411 545 4470 maledicentes
569 4412 638 4468 riam
663 4412 771 4470 bomini
793 4427 887 4470 cutam
941 4411 1109 4484 principibus
1122 4456 1129 4482 ,
1142 4412 1188 4484 qni
1203 4420 1282 4469 erant
1294 4411 1374 4468 atnici
1389 4412 1468 4484 ejus,
1485 4413 1618 4470 miserunt
1631 4411 1664 4468 ad
1677 4427 1740 4470 etnu

86 4503 272 4572 multitudine,
285 4503 434 4580 discedens
446 4504 482 4560 ab
493 4504 546 4573 cis,
561 4505 714 4576 segregavit
727 4503 887 4576 discipulos,
940 4512 1088 4577 rogantes,
1101 4521 1134 4561 nc
1149 4505 1266 4561 sedaret
1279 4506 1306 4560 in
1326 4503 1461 4562 theatrum
1478 4521 1484 4560 :
1501 4505 1547 4560 alii
1560 4517 1650 4562 autem
1667 4503 1741 4562 aliud

87 4598 207 4670 quotidie
220 4596 368 4668 disputans
386 4595 414 4654 in
432 4595 527 4653 schola
541 4598 651 4669 tyranni
665 4597 819 4670 cujusdam.
831 4595 889 4653 lioc
941 4599 1104 4656 clamabant.
1122 4597 1187 4654 Erat
1209 4597 1282 4654 enim
1306 4597 1421 4654 ecclesia
1446 4597 1581 4652 cuniusa:
1603 4606 1631 4652 ιι
1648 4596 1741 4666 plures

87 4702 172 4751 autem
195 4695 301 4751 lactum
324 4701 367 4750 est
393 4707 443 4764 per
466 4691 625 4762 biennium,
647 4692 684 4748 ιιι
712 4700 742 4748 ιι
768 4705 867 4748 utnncs
879 4732 887 4760 ,
901 4661 930 4724 Ῑ)
943 4691 1100 4748 nesciebant
1118 4706 1171 4761 qua
1185 4705 1218 4746 ex
1234 4705 1314 4748 causa
1329 4691 1531 4748 conuenissent.
1548 4690 1586 4748 lle
1600 4690 1678 4746 turba
1692 4705 1742 4746 au-

23 4774 24 4791 *
87 4786 129 4857 qni
153 4787 320 4844 babitabant
339 4787 367 4840 in
391 4784 471 4851 lisia,
489 4785 617 4842 audirent
634 4785 749 4843 terbum
769 4782 887 4851 bomini,
944 4790 998 4839 tem
1022 4781 1198 4838 detraxerunt
1219 4780 1419 4850 Alexandrum,
1439 4781 1654 4853 propellentibus
1676 4795 1740 4837 enm

87 4879 169 4938 iudai
186 4889 276 4952 atque
295 4877 422 4952 gentiles.
439 4878 610 4952 virtutesque
625 4894 679 4936 non
694 4878 830 4952 quaslibet
849 4877 889 4934 ia·
943 4877 1057 4935 lttdals.
1083 4876 1236 4934 Alexander
1249 4885 1357 4944 ιιιιιιι,
1373 4891 1454 4934 mann
1470 4879 1578 4933 silentio
1592 4875 1739 4950 postulato,

87 4974 172 5032 ciebat
192 4975 271 5032 Deus
283 4990 333 5046 per
347 4989 460 5031 manum
475 4958 626 5031 reinth‘iu
646 4981 676 5030 nt
698 4974 780 5031 etiam
806 4986 890 5043 super
944 4970 1053 5028 nolebat
1073 4969 1190 5026 reddere
1215 4971 1348 5025 rationem
1371 4969 1480 5042 populo.
1497 4969 1581 5038 Quem
1597 4977 1626 5025 ιι
1640 4983 1742 5042 cogno-

87 5067 446 5144 lauqnidcstlclerreutura
464 5083 582 5140 corpore
595 5065 784 5140 ejussndnria,
796 5074 824 5124 ct
846 5080 890 5122 sc·
945 5073 1045 5122 ιιιιιιι
1068 5063 1192 5121 iudatnn
1211 5077 1283 5130 esse,
1305 5079 1357 5120 tux
1373 5062 1442 5120 lacta
1468 5078 1521 5119 una
1541 5071 1584 5118 cst
1606 5061 1738 5132 otttuium,

88 5161 236 5232 micinctia,
253 5171 281 5218 ιι
293 5142 460 5220 recedebant
470 5161 506 5217 ab
515 5161 555 5218 cis
569 5160 723 5232 languores,
737 5168 766 5216 ιι
776 5159 890 5230 spiritus
945 5159 1022 5231 qnasi
1047 5173 1095 5230 per
1118 5159 1198 5214 horas
1225 5159 1292 5216 duos
1306 5158 1482 5215 clamantium
1504 5175 1510 5209 ε
1536 5156 1629 5228 lingna
1656 5157 1742 5213 Diana
1783 5208 1789 5220 ,

88 5271 201 5328 nequam
221 5255 446 5328 egrediebantur.
461 5253 647 5312 'lentarcrttnt
670 5262 761 5310 antem
780 5252 889 5325 quidam
946 5250 1140 5322 Ephesiorum.
1157 5249 1266 5306 Etcum
1281 5248 1404 5306 sedasset
1421 5247 1510 5304 scriba
1526 5248 1616 5304 turbas
1629 5289 1637 5314 ,
1650 5247 1742 5304 dixit:

88 5359 114 5406 et
124 5351 158 5407 dc
171 5348 411 5408 circumeuntibus
425 5347 528 5405 ludaeis
540 5347 694 5412 exorcistis,
710 5345 836 5403 inuocare
847 5360 893 5401 su·
947 5344 1005 5400 Viri
1026 5342 1135 5415 Ephesii
1149 5384 1156 5409 ‚
1176 5342 1237 5413 quis
1257 5344 1329 5399 enim
1343 5351 1385 5398 esi
1407 5340 1562 5410 hominum,
1576 5339 1623 5414 qui
1643 5341 1746 5398 nesciat

89 5459 134 5514 per
147 5461 209 5515 cos,
223 5443 273 5518 qni
284 5443 422 5500 habebant
432 5442 544 5514 spiritus
559 5441 656 5508 malos,
672 5456 771 5498 nomen
786 5438 893 5496 Eotttini
948 5435 1128 5508 Ephesiorum
1142 5434 1279 5490 civitatem
1294 5433 1436 5490 cultricem
1448 5447 1509 5491 esse
1521 5446 1626 5506 magnae
1641 5433 1744 5502 llianae,
1766 5479 1774 5498 ,

122 5610 137 5640 ¹
149 5609 272 5681 Propius
286 5607 321 5663 ad
333 5605 457 5664 Gracttm
471 5605 501 5662 S.
524 5604 664 5677 interpres
677 5604 704 5660 iu
716 5599 797 5660 Praei.
808 5599 890 5658 Gom·
905 5652 909 5658 ,
943 5605 1058 5674 putettlet
1066 5594 1171 5651 uerbum
1179 5593 1284 5650 Domini
1294 5593 1432 5662 crescebat,
1441 5604 1466 5650 et
1474 5591 1680 5663 coniectabatur,
1688 5601 1744 5650 etc.

90 5692 171 5737 ment.
187 5686 218 5736 in
234 5677 325 5748 Epist.
340 5677 376 5733 ad
389 5677 490 5748 Eplrcs.
507 5677 591 5748 legit:
606 5675 720 5732 Plurimi
733 5689 835 5746 quoque
849 5688 894 5729 co·
981 5667 996 5709 ¹³
1019 5668 1118 5724 lterum
1135 5666 1231 5723 Gracc
1253 5665 1374 5736 pressius
1395 5665 1461 5736 legit
1483 5664 1583 5746 ibidem
1595 5664 1633 5746 Ι8.
1660 5665 1746 5720 lutor·

90 5768 156 5821 mitt,
169 5752 217 5824 qtti
232 5751 339 5806 cariata
352 5757 495 5821 pertarum,
509 5757 698 5819 comportantes
718 5747 809 5814 libros,
825 5761 895 5800 corn·
948 5754 1022 5812 pres,
1035 5737 1070 5794 Et
1081 5753 1181 5811 tttttprur
1191 5735 1254 5794 Deua
1267 5737 1391 5809 lerttplttm
1401 5733 1496 5792 Dianoe
1506 5752 1533 5790 tu
1547 5736 1658 5790 nilttluru
1670 5752 1748 5808 repn-

92 5823 227 5880 mactant
242 5836 334 5878 catatu
354 5821 492 5889 omnibns,
508 5830 533 5874 ct
552 5827 763 5894 computruerunt
785 5816 896 5886 pretinm
950 5811 1057 5878 tnbt‘ittr,
1067 5810 1318 5894 dtrirttcittrqttoquc
1332 5809 1483 5880 utaquitutlo
1493 5809 1646 5880 quaquam
1657 5816 1750 5863 cuttcut

91 5910 198 5966 turam,
219 5903 246 5952 ct
260 5893 410 5948 iuocnunttt
424 5891 525 5965 erpetui
539 5891 728 5964 quinquaqinta
742 5888 836 5946 utilliu.
853 5887 899 5944 Sic
953 5883 1026 5953 driu,
1041 5891 1064 5938 ιι
1079 5882 1211 5938 ttniuctuu
1225 5880 1295 5937 cndu
1306 5881 1379 5947 colit,
1394 5889 1447 5937 cic.

247 5989 387 6052 Parnon.
407 5985 530 6052 xxix.
1607 5972 1646 6034 23
1738 6037 1747 6052 .
