4017 6334
257 317 311 378 799
634 357 637 365 ·
756 316 790 374 8.
809 312 1003 374 tlleltolllltl
1022 311 1139 372 hiltun
1159 313 1398 374 eleutoltlecn.

1837 324 1882 386 libb
1972 345 1973 376 1

258 451 340 510 puro,
352 433 561 494 etcousclentia
571 434 654 502 bona,
668 443 698 494 et
709 434 828 492 ddeuon
840 432 914 490 icta.
926 429 1100 503 equibush
1116 431 1255 490 mittentes
1266 434 1395 507 pictatem
1414 449 1462 506 per
1476 448 1559 506 opera
1575 435 1658 494 bona.
1673 435 1762 496 lluller
1775 439 1799 498 in
1813 443 1882 503 silen-

258 527 369 602 qnidam
384 527 557 595 aberrantes,
579 527 707 585 conuersi
720 535 785 584 sunt
806 524 834 582 in
855 524 1057 595 vaniloquium,
1114 525 1252 582 tiodiscat
1266 527 1413 584 cumomni
1428 527 1609 600 subjectione.
1626 528 1724 588 Docere
1738 541 1819 588 autem
1832 551 1883 593 mu·
1973 566 1974 632 ι

257 625 455 684 volentesesse
469 621 688 694 legisdoctores,
702 635 758 678 non
774 618 958 690 intelligentes
973 631 1062 690 neque
1113 620 1174 678 lieri
1188 635 1242 678 non
1256 622 1395 694 permitto,
1419 637 1508 694 nenne
1527 621 1661 679 dominari
1683 625 1709 680 in
1730 626 1824 695 virum;
1841 630 1882 687 sed
1973 659 1974 704 ,

258 734 321 791 gnae
343 717 504 790 loquuntur,
518 731 607 788 neque
626 715 662 774 de
676 715 776 788 onibus
788 713 938 771 aldrmanl.
953 711 1062 770 ὃιὶιιιιιι
1113 729 1175 771 esse
1194 717 1221 770 in
1242 714 1363 772 silentio.
1385 715 1472 771 Adam
1494 717 1566 772 enirn
1585 717 1688 788 primus
1708 715 1883 792 lormatuscst,

258 817 352 866 autem
366 808 430 878 guia
444 807 518 863 bona
531 815 574 863 est
586 806 642 871 lex,
659 807 683 864 si
698 805 761 878 quis
773 819 808 862 ea
818 803 938 877 legitime
952 812 1060 860 utatur:
1113 807 1210 865 deinde
1221 807 1294 864 lleva
1309 815 1357 867 :et
1366 807 1453 866 edam
1470 824 1524 866 nort
1537 817 1581 866 est
1595 809 1731 878 seductus,
1746 811 1834 871 mulier
1844 829 1884 870 au-

259 903 349 964 sciens
360 901 485 975 boconia
495 900 539 958 lex
548 900 623 973 justo
636 914 692 959 uon
704 910 747 959 est
760 901 862 972 posita,
877 900 926 958 sed
940 898 1061 972 injustis,
1114 908 1167 958 tent
1179 899 1289 958 eoduma
1304 903 1331 958 iu
1344 903 1568 972 prevaricatione
1579 901 1639 960 luit.
1654 903 1800 962 salvabitur
1809 917 1885 966 autem

259 1007 288 1056 et
301 1014 357 1055 uon
373 997 503 1066 subditis,
515 995 617 1068 impiis,
631 1004 660 1054 et
674 997 876 1069 peccatoribus,
899 996 1061 1065 sceleratis,
1114 1009 1162 1065 per
1184 994 1300 1050 illiorum
1317 995 1532 1066 generationem,
1552 995 1575 1052 si
1596 997 1773 1066 permanserit
1790 997 1814 1054 in
1827 998 1883 1070 lide,
1974 1031 1975 1072 p

258 1091 501 1156 etcontaminatis,
514 1090 669 1162 parricidis,
684 1099 712 1148 et
725 1079 887 1160 matricidis,
904 1091 1061 1159 bomicidis,
1112 1098 1141 1145 et
1155 1087 1312 1156 dilectione,
1326 1097 1354 1146 et
1373 1089 1590 1147 sanctificatione
1607 1101 1619 1132 ι
1636 1105 1698 1146 cum
1713 1091 1855 1150 sobrietate
1974 1085 1975 1126 ἶ

258 1183 426 1252 tormearits,
443 1183 632 1242 masculorum
647 1183 883 1253 concubitoribus,
905 1183 1061 1256 plagiariis,
1149 1181 1231 1255 [Cup.
1254 1181 1315 1257 lll.]
1328 1180 1432 1240 Fidelis
1455 1197 1546 1252 serruo
1561 1201 1568 1237 ι
1584 1181 1613 1238 Si
1637 1183 1699 1254 uuis
1718 1184 1884 1254 episcopatum

259 1277 448 1345 mendacibus,
467 1286 496 1335 et
508 1276 636 1348 periuris,
652 1285 682 1335 et
694 1277 718 1333 si
731 1274 797 1348 quid
817 1277 892 1335 aliud
911 1291 989 1335 sanas
1009 1277 1060 1334 do-
1113 1274 1260 1341 dcsiderat,
1277 1275 1377 1332 bonum
1390 1289 1462 1346 opus
1477 1275 1626 1334 desiderat.
1642 1276 1753 1346 Oportet
1766 1291 1824 1348 ergo
1836 1279 1884 1349 epi·

258 1371 354 1429 ctrinte
368 1369 616 1444 adversarumque
629 1371 779 1430 secundum
799 1372 979 1444 Evangelium
997 1374 1063 1446 glo·
1112 1383 1225 1440 scopum
1241 1367 1512 1440 irreprehensibilem
1525 1384 1598 1438 esse,
1614 1370 1695 1428 unius
1705 1370 1791 1427 uxoris
1803 1371 1886 1440 virum,

259 1464 309 1523 rire
326 1465 401 1523 beati
415 1465 476 1532 liei.
498 1465 570 1538 quod
582 1466 717 1522 creditum
735 1474 778 1523 est
794 1465 871 1522 mibi.
886 1465 995 1523 Gratias
1010 1481 1061 1540 ago
1113 1460 1246 1528 sobrium,
1258 1461 1430 1532 prudentem,
1445 1462 1727 1534 ornatum‚pudicum,
1738 1463 1887 1535 hospitalem,

260 1556 299 1628 ei,
310 1557 356 1628 uui
368 1573 413 1614 nse
426 1555 604 1626 cornlortnvit,
619 1556 731 1615 Christo
743 1557 810 1614 iesu
824 1557 939 1614 Domino
951 1566 1062 1627 nostro,
1113 1551 1265 1620 doctorem,
1286 1569 1339 1610 non
1362 1553 1541 1624 vinolentum,
1567 1570 1621 1612 non
1643 1570 1831 1627 percussorem,
1848 1557 1888 1614 sed

259 1651 325 1722 grtia
345 1647 416 1715 [lla.
429 1650 491 1724 gui]
508 1650 617 1708 bdelcm
637 1665 682 1708 me
704 1651 885 1719 existimarit,
905 1667 1011 1724 ponens
1035 1652 1063 1708 iu
1113 1645 1285 1714 modestum3
1300 1661 1354 1704 nou
1372 1645 1531 1718 litigiosum,
1555 1662 1609 1704 non
1627 1647 1764 1720 cupidum,
1784 1649 1827 1706 sed
1844 1663 1890 1706 sua

260 1746 413 1804 ministerio
426 1767 431 1802 :
444 1749 491 1820 qni
505 1749 579 1819 prins
590 1747 767 1821 blasphemus
781 1747 832 1816 lui,
847 1759 876 1806 et
888 1757 1061 1816 persecutor,
1113 1739 1206 1796 domui
1224 1738 1295 1798 hene
1314 1740 1501 1812 prepositum,
1528 1739 1599 1798 filius
1622 1743 1763 1800 habentem
1786 1742 1890 1800 subditus

259 1840 601 1908 etcorrtumeliosus2sed
613 1841 857 1898 misericordiam·
871 1835 1176 1899 [isiconsccu-Bcum
1212 1836 1286 1892 omni
1320 1835 1454 1894 castitate.
1484 1833 1513 1892 Si
1538 1835 1711 1907 pulsantem
1739 1836 1891 1892 demulsus
1976 1860 1977 1886 ι

261 1934 470 2005 tussum‚·quia
486 1936 616 2005 ignoraus
630 1933 683 1990 leci
698 1932 727 1990 in
743 1933 946 1992 incredulitate.
959 1934 1063 2006 Super-
1114 1946 1232 2002 preesse
1253 1932 1350 1996 nescit.
1374 1932 1511 2003 guonrodo
1525 1931 1654 1990 Ecclesiae
1678 1931 1726 1988 uel
1747 1931 1891 2004 diligentiam
1976 1943 1977 2014 j

260 2025 410 2084 aburtdauit
421 2036 513 2084 autem
529 2027 618 2099 gratia
636 2028 744 2084 bomini
758 2028 857 2091 nostri.
876 2043 938 2086 cnm
955 2028 1019 2095 lide,
1035 2037 1064 2086 et
1113 2021 1271 2082 ibahehinl
1287 2024 1346 2082 Nou
1361 2026 1540 2100 neophytum,
1558 2039 1592 2084 ne
1606 2027 1632 2082 in
1643 2025 1796 2100 superbiam
1809 2025 1890 2092 elatus¹

261 2117 424 2188 dilectione,
443 2135 505 2188 que
518 2128 561 2176 est
573 2119 601 2175 in
614 2118 726 2176 Christo
745 2118 821 2178 lesu.
838 2119 942 2177 l'idelis
958 2135 1061 2189 sermo,

261 2219 291 2268 et
304 2213 379 2268 omni
393 2213 553 2283 acceptioue
565 2212 664 2286 diguus
678 2232 685 2268 ε
697 2215 770 2286 quod
784 2213 911 2272 cbristus
923 2213 1003 2274 lesus
1014 2230 1062 2272 vc·

264 2305 306 2360 uit
317 2307 346 2362 iu
362 2303 434 2361 lrunc
447 2306 578 2362 mundum
594 2315 754 2378 peccatores
768 2309 860 2364 salvos
874 2306 981 2376 iacere,
991 2323 1060 2380 qun·

261 2414 323 2456 rum
341 2399 447 2472 primus
460 2415 513 2472 ego
525 2414 597 2457 sum.
618 2400 673 2459 Sed
688 2401 750 2459 ideo
770 2401 983 2460 misericordiam
998 2417 1064 2460 eon·

263 2501 373 2549 seculus
394 2500 517 2550 sumant
538 2491 566 2549 in
581 2508 627 2550 me
647 2492 737 2565 primo
756 2493 917 2552 ostenderet
937 2495 1063 2552 cbristus

261 2582 343 2642 lesus
358 2583 430 2658 [lle
446 2595 499 2642 tue.
511 2584 610 2659 iesus]
621 2601 731 2644 omnem
744 2588 916 2660 patientiam,
930 2589 964 2644 ad
978 2589 1064 2645 lnior-

263 2676 412 2734 mationem
427 2692 535 2748 eorum,
556 2680 603 2750 gui
627 2679 761 2736 credituri
778 2691 842 2737 sunt
864 2681 914 2749 illi,
931 2681 959 2737 in
979 2681 1063 2738 vitam

263 2781 404 2840 eternam.
419 2772 486 2846 Regi
501 2783 593 2831 autem
611 2775 773 2833 saeculorum
789 2776 948 2845 immortali,
970 2777 1064 2835 invisi·

264 2865 323 2932 biti,
336 2864 388 2922 soll
403 2865 471 2938 Deo,
483 2866 571 2924 bonor
585 2877 614 2923 ct
625 2869 711 2939 gloria
732 2869 761 2924 iu
775 2869 875 2926 saecula
888 2871 1062 2928 seculorum.

262 2961 360 3017 Amen.
373 2959 430 3016 lloc
441 2969 609 3032 preceptum
617 2962 780 3019 commendo
790 2961 851 3030 tibi,
862 2961 900 3017 dli
908 2961 1061 3028 Timotbee,

1113 2117 1141 2176 in
1160 2119 1292 2190 iudicium
1308 2117 1411 2176 incidat
1423 2119 1533 2177 diaboli.
1549 2120 1664 2193 Oportet
1680 2132 1767 2178 autem
1790 2120 1855 2176 illum
1870 2129 1892 2177 st

1115 2212 1299 2268 testimonium
1313 2211 1414 2270 babere
1432 2212 1533 2270 bonum
1547 2213 1628 2271 abiis
1648 2213 1696 2285 qui
1717 2211 1780 2270 iuris
1795 2223 1858 2280 sunl,
1869 2222 1892 2270 ut

1114 2321 1168 2364 non
1191 2306 1218 2363 in
1239 2306 1416 2378 opprobrium
1433 2307 1543 2378 incidat,
1565 2305 1637 2364 ct'in
1659 2306 1784 2380 laqueum
1795 2307 1888 2364 diaboli.

1114 2399 1249 2456 Diaconos
1262 2398 1386 2456 similiter
1397 2399 1520 2470 pudicos,
1534 2414 1588 2456 non
1602 2399 1749 2472 bilingues,
1764 2413 1814 2458 non
1824 2399 1894 2456 multo
1977 2391 1978 2400 ’

1114 2496 1179 2552 vino
1191 2494 1308 2562 deditos,
1327 2509 1381 2552 nun
1399 2504 1478 2565 turpe
1492 2495 1597 2552 lucrum
1612 2502 1760 2552 sectantes.
1780 2493 1893 2550 llsbeutta

1115 2588 1273 2662 mysterium
1288 2586 1350 2644 lldei
1362 2587 1389 2644 in
1400 2587 1565 2644 conscieruia
1581 2603 1657 2658 pura.
1671 2587 1705 2644 Et
1716 2586 1743 2644 bl
1752 2601 1833 2644 aurem
1844 2601 1893 2657 pro·

1115 2681 1213 2738 nentur
1226 2679 1342 2752 primum
1352 2688 1395 2738 :et
1404 2679 1444 2736 sic
1457 2680 1619 2746 ministrent.
1635 2681 1741 2738 nullum
1751 2682 1844 2738 crimen
1854 2679 1894 2736 bn·

1117 2772 1225 2831 bentes.
1236 2773 1364 2831 liulieres
1374 2773 1502 2832 similiter
1520 2776 1643 2847 pudicas,
1658 2791 1715 2832 non
1729 2775 1893 2840 detrabentes.
1978 2835 1979 2838 ,

1116 2863 1233 2933 sobrias,
1249 2863 1343 2922 lideles
1354 2864 1381 2920 in
1392 2865 1529 2923 omnibus.
1543 2866 1653 2923 Diaooni
1667 2868 1725 2924 sint
1738 2868 1810 2924 unius
1820 2866 1895 2922 ureris

1115 2957 1177 3023 viri,
1194 2957 1241 3030 qui
1252 2956 1314 3015 liliis
1329 2958 1385 3016 suis
1400 2958 1470 3016 bene
1481 2959 1708 3029 praemensus
1721 2957 1895 3026 domibusllui

264 3052 412 3112 secuudum
428 3052 614 3126 precedentes
629 3055 655 3110 in
671 3062 698 3111 tc
713 3054 889 3125 prophetias,
914 3064 942 3110 ut
962 3055 1063 3112 milites
1114 3056 1186 3111 enirn
1199 3053 1269 3111 bene
1279 3053 1504 3122 ministraverint,
1519 3054 1636 3127 gradum
1647 3053 1750 3112 bonurn
1764 3052 1897 3122 eibiacnui·

264 3147 292 3206 iu
314 3148 368 3204 illis
385 3146 487 3204 bonam
509 3146 647 3203 militiam.
669 3147 777 3205 habens
799 3147 893 3214 iidem,
910 3156 937 3202 et
960 3148 1061 3202 bonnm
1114 3159 1187 3216 rent,
1203 3160 1231 3206 ct
1245 3151 1356 3206 multam
1372 3149 1497 3206 lidueism
1511 3149 1539 3206 in
1554 3149 1618 3217 ude,
1633 3165 1697 3221 quse
1712 3159 1753 3208 est
1768 3149 1793 3206 in
1805 3145 1897 3204 Christo

264 3242 470 3314 correcientiam,
482 3256 564 3313 quam
574 3240 684 3314 quidam
702 3241 878 3314 repellentes.
891 3241 964 3298 circa
982 3242 1062 3298 tidem
1076 3221 1100 3289 C
1114 3242 1190 3301 lesu.
1207 3242 1272 3302 llec
1284 3242 1332 3300 libi
1347 3243 1448 3311 scribo,
1463 3256 1578 3313 sperans
1594 3257 1639 3299 me
1652 3243 1689 3298 ad
1706 3253 1732 3299 te
1745 3241 1832 3299 venire
1843 3240 1897 3295 cilo.

265 3332 495 3406 naulragarerunt
508 3352 515 3387 ι
528 3348 563 3390 ιι
582 3331 680 3406 quibus
701 3343 743 3388 cst
757 3332 940 3404 llpureuceus,
956 3342 984 3391 et
996 3334 1063 3392 lile·
1114 3335 1143 3394 Si
1157 3345 1247 3393 nutem
1263 3334 1416 3401 tardavero,
1433 3345 1461 3390 ιιι
1473 3335 1544 3390 scias
1558 3333 1698 3412 quomodo
1716 3339 1835 3406 oporteat
1846 3330 1898 3385 tein

264 3427 381 3494 rander,
404 3441 474 3499 quos
496 3425 595 3484 tradidi
610 3425 729 3494 Satauae,
754 3435 784 3482 ut
798 3424 905 3484 discant
920 3441 974 3482 trun
989 3422 1063 3484 blas·
1114 3430 1195 3488 domo
1208 3429 1257 3488 [lei
1271 3429 1439 3498 conversari,
1454 3445 1515 3501 qua
1528 3437 1571 3486 cst
1589 3427 1714 3486 Ecclesia
1729 3428 1775 3486 liei
1788 3427 1846 3492 rivi,
1859 3437 1898 3480 cc·

264 3517 419 3592 ιιιιιιιιιιι.1
1114 3523 1205 3580 lomna
1225 3531 1252 3580 et
1270 3523 1469 3580 llrmamentum
1490 3521 1625 3579 veritatis.
1645 3521 1683 3578 lit
1696 3518 1834 3578 manileste
1853 3531 1900 3572 ma·

302 3608 383 3682 illap.
403 3609 593 3683 ll.]0bsecro
613 3609 696 3682 igitur
721 3611 838 3682 primurn
861 3614 982 3668 omnium
1003 3610 1065 3670 lieri
1115 3632 1199 3690 gnum
1214 3627 1254 3672 est
1267 3615 1377 3689 pietatis
1392 3624 1603 3682 sacramentum,
1621 3615 1696 3686 qnod
1717 3612 1900 3671 manileatatnm

263 3703 480 3773 obsecrationes,
503 3703 653 3772 orationes,
679 3705 893 3778 postulationes,
913 3706 1063 3777 gratiarum
1114 3717 1157 3766 est
1172 3709 1198 3764 in
1212 3723 1308 3776 carne,
1319 3707 1496 3778 iustificatum
1509 3717 1554 3764 est
1565 3709 1593 3764 iu
1610 3707 1722 3779 spiritu,
1735 3705 1898 3778 apparuitan·

263 3800 386 3855 actiones
406 3813 455 3872 pro
477 3799 605 3856 omnibus
627 3799 783 3856 bominibus
796 3815 805 3856 a
817 3815 866 3872 pro
888 3799 1010 3872 regibus,
1037 3810 1065 3858 ιι
1114 3803 1192 3876 gulis,
1208 3803 1382 3874 praedicatum
1396 3810 1438 3859 est
1447 3801 1586 3874 gentihus,
1600 3802 1735 3859 creditum
1748 3801 1823 3859 estin
1836 3813 1901 3856 ιιιιιι-

264 3891 401 3960 orunibus,
417 3891 463 3963 qui
474 3892 503 3948 in
514 3891 683 3949 sublimitate
693 3901 768 3961 surrt,
781 3893 939 3964 utquielam
948 3903 976 3949 ιι
990 3902 1065 3950 tran·
1115 3896 1159 3962 do,
1175 3907 1342 3966 assumptum
1357 3897 1440 3952 estin
1458 3895 1556 3968 gloria.

265 3985 375 4056 guillam
388 3983 471 4043 vitam
486 3997 610 4056 agamus,
625 3985 653 4040 in
666 3985 740 4040 omni
756 3986 869 4056 pietate,
884 3995 913 4042 et
926 3985 1062 4042 castitate.
1152 3989 1158 4062 l
1170 3987 1233 4062 Cup.
1251 3987 1315 4062 ll]
1329 3987 1448 4062 Spiritus
1462 3996 1550 4043 aulem
1568 3987 1712 4044 manifeste
1725 3985 1800 4051 dicit,
1812 3981 1866 4057 quia
1879 3985 1901 4036 in

267 4076 324 4134 Hoc
338 4077 410 4132 enim
425 4077 527 4136 bonum
547 4087 603 4144 est,
617 4087 646 4135 et
658 4086 800 4149 acceptum
812 4093 906 4136 coram
921 4079 1064 4138 salvatore
1116 4082 1273 4140 novissimis
1283 4083 1450 4156 temporibus
1460 4081 1602 4138 discedent
1610 4080 1721 4153 puidam
1732 4097 1748 4138 a
1759 4083 1818 4148 lide,
1830 4089 1902 4135 alten

266 4180 361 4228 nostro
372 4171 441 4228 lieo.
455 4171 508 4239 Qui
522 4186 620 4227 omnes
634 4173 760 4228 homines
773 4173 831 4228 vult
844 4173 935 4229 salvos
946 4173 1020 4241 lieri,
1035 4182 1064 4230 et
1113 4176 1210 4233 dentes
1224 4173 1364 4244 spiritibus
1378 4175 1499 4242 erroris,
1514 4181 1543 4230 et
1554 4173 1688 4231 doctrinis
1701 4173 1902 4236 demoniorum.

263 4261 471 4334 adagnitionem
480 4263 604 4320 veritatis
613 4263 717 4320 verrius.
731 4263 806 4321 Unus
815 4267 887 4321 eninr
899 4265 982 4333 Deus,
993 4281 1064 4322 unus
1115 4270 1142 4325 in
1159 4267 1297 4342 hypocrisi
1309 4266 1478 4338 loquentium
1495 4266 1679 4332 mendacium,
1699 4275 1728 4324 et
1740 4266 1902 4322 canteriatam

264 4367 292 4415 et
309 4355 444 4413 mediator
456 4356 507 4413 liei
525 4364 554 4413 et
567 4357 706 4414 hominnm
720 4358 804 4415 bomo
822 4358 948 4416 Christus
959 4361 1039 4418 lesus
1055 4381 1061 4416 :
1115 4363 1271 4420 habentium
1282 4359 1575 4428 snamconselenunm,
1587 4361 1790 4432 prohibentium
1801 4360 1901 4422 nubere,

263 4448 311 4521 gni
330 4447 405 4504 dedit
417 4448 635 4520 redemptionem
656 4451 833 4522 semetipsum
852 4467 902 4522 pro
922 4454 1062 4526 erunibus,
1115 4456 1369 4522 abstinereacibis‚
1384 4471 1452 4526 qtros
1469 4454 1541 4511 Deus
1552 4457 1656 4512 creavit
1666 4455 1701 4513 ad
1715 4451 1902 4527 percipiendum

264 4545 278 4586 ¹²
295 4547 479 4603 testimonium
492 4547 662 4620 temporibus
676 4550 734 4606 suis
749 4568 755 4603 :
770 4550 797 4608 in
816 4553 990 4624 ntro-positus
1001 4567 1061 4610 sum
1114 4566 1176 4606 curn
1190 4551 1339 4622 gratiarum
1354 4548 1462 4604 actione
1477 4545 1613 4616 lidelibus,
1627 4557 1655 4606 et
1672 4547 1706 4606 ils
1721 4547 1767 4621 qui
1783 4557 1903 4618 cognore-

264 4653 317 4710 ego
340 4638 504 4710 predicator
526 4651 553 4697 et
573 4641 715 4712 apostolus
729 4643 891 4717 (veritatem
912 4645 984 4714 dico,
1008 4664 1062 4704 nnn
1076 4610 1103 4674 D
1117 4657 1181 4702 rurrt
1196 4644 1349 4702 ueritatem.
1363 4641 1432 4711 Quia
1445 4643 1535 4700 omnis
1556 4651 1680 4700 creatura
1696 4642 1746 4698 liei
1770 4641 1836 4696 bona
1851 4647 1902 4704 cst,

264 4732 412 4806 mentior),
432 4732 530 4790 doctor
545 4735 667 4806 gentium
682 4737 710 4792 in
728 4737 797 4804 ilde,
813 4748 842 4794 et
857 4740 982 4797 veritate.
995 4740 1063 4798 llolo
1116 4749 1143 4794 ct
1161 4738 1230 4795 nibil
1256 4737 1430 4810 rejiciendum
1449 4734 1523 4807 quud
1549 4749 1610 4791 curn
1635 4735 1786 4805 gratiarum
1811 4730 1905 4788 actione

263 4839 328 4897 crgo
342 4826 415 4883 viros
426 4840 507 4883 orare
523 4825 549 4881 in
564 4830 638 4883 omni
653 4828 727 4896 loeo,
739 4830 859 4888 levantes
872 4846 953 4903 puras
966 4848 1062 4890 manus
1115 4830 1264 4904 percipitur
1285 4847 1292 4885 ι
1315 4826 1500 4884 sanctificatur
1522 4826 1595 4882 enim
1617 4840 1666 4896 per
1683 4825 1797 4882 verbnm
1822 4823 1864 4878 liei
1883 4828 1907 4876 et

264 4920 324 4975 sine
338 4919 378 4977 ira
392 4928 420 4976 at
434 4918 640 4992 disceptatione.
656 4919 789 4980 Similiter
798 4933 827 4980 et
837 4925 966 4982 mulieres
977 4926 1004 4982 in
1017 4929 1064 4982 ιιι-
1115 4924 1278 4982 orationem.
1308 4921 1371 4978 llec
1393 4931 1551 4991 proponens
1575 4918 1723 4988 iratribus,
1749 4917 1835 4972 bonns
1859 4911 1906 4969 crit

260 5008 318 5068 bitu
331 5022 440 5082 ornato,
450 5027 512 5070 cum
528 5013 707 5082 verecundia,
722 5022 752 5071 et
765 5018 914 5074 sobrietate
929 5031 1063 5080 ornantes
1116 5018 1239 5076 minister
1252 5015 1354 5074 Christi
1371 5015 1448 5081 lesu,
1463 5014 1598 5072 enutritus
1614 5011 1706 5068 verbis
1720 5009 1782 5067 lldei
1797 5011 1902 5067 othonus

260 5121 302 5177 se,
315 5117 343 5164 et
353 5122 408 5165 uon
420 5109 447 5165 in
458 5109 538 5166 tortis
547 5108 680 5177 crinibus,
694 5120 830 5182 autanro,
840 5122 888 5168 aut
898 5116 1062 5188 margaritis,
1116 5112 1259 5177 doctrine,
1276 5125 1357 5182 quam
1373 5114 1514 5164 sesebutus
1527 5121 1568 5163 es.
1584 5104 1693 5178 lrtcptas
1708 5113 1800 5160 autem
1818 5109 1844 5157 et
1856 5097 1906 5154 ani·

261 5197 305 5256 vel
328 5207 405 5257 veste
425 5201 544 5272 pretiosa
559 5218 566 5256 :
580 5200 630 5257 sed
645 5201 718 5273 quod
738 5201 818 5259 dectu
837 5203 977 5274 mulieres,
1001 5223 1065 5278 pro·
1117 5203 1271 5262 leslabulas
1284 5202 1374 5259 devita
1394 5218 1401 5255 :
1418 5213 1515 5256 exerce
1536 5210 1626 5256 nutem
1645 5198 1763 5269 teipsum
1784 5194 1816 5251 ad
1832 5194 1905 5264 pieta·

300 5391 314 5419 t
333 5380 437 5438 Nomen
451 5381 499 5438 liei
512 5381 620 5438 lricluci
634 5382 662 5438 in
675 5381 800 5439 Palatino
814 5399 865 5440 ιιιι.
882 5392 912 5440 ιιι
925 5393 953 5440 et
966 5383 1062 5442 Grnco
1118 5397 1197 5452 nam,
1223 5381 1267 5438 vel
1289 5395 1348 5435 cnm
1362 5377 1494 5441 emtitnte,
1509 5385 1539 5431 ut
1551 5373 1625 5431 alibi.
1639 5373 1709 5458 Quin
1726 5373 1809 5430 immo
1824 5373 1866 5457 lili.
1881 5384 1905 5424 nt

263 5460 341 5509 tertu
353 5454 490 5511 reticetur.
1116 5465 1210 5512 corrtra
1230 5451 1401 5510 lucinianum
1430 5447 1543 5505 recitato
1563 5446 1616 5501 iroc
1638 5448 1774 5501 versiculo
1790 5463 1796 5498 :
1812 5445 1839 5499 Su
1853 5459 1906 5512 per·

267 5571 272 5576 .
297 5521 311 5564 ¹·
331 5523 362 5581 lu
374 5525 461 5582 Palas.
477 5541 530 5584 ιιιι.
543 5569 552 5596 ,
565 5531 641 5603 cujas
655 5526 839 5592 testimouium,
855 5534 921 5595 etc,
933 5527 1065 5598 quemad·
1117 5527 1256 5584 intonuerint
1270 5527 1308 5581 iu.
1323 5563 1330 5578 .
1345 5561 1369 5577 ..
1384 5563 1392 5577 .
1406 5519 1643 5602 ..sanctificatione
1652 5533 1713 5599 snm
1722 5519 1850 5602 'enaritate¹
1862 5529 1906 5568 non

264 5596 374 5652 modurn
394 5607 423 5653 et
436 5598 463 5654 in
477 5598 582 5656 Grecis
597 5600 700 5671 aliquot
712 5598 800 5665 libris,
815 5596 846 5654 οὗ
864 5602 894 5657 τὸ
908 5604 1063 5679 μαρτύριον.
1117 5601 1207 5668 enim,·
1227 5597 1327 5654 subdit.
1343 5602 1371 5649 nt
1387 5596 1452 5648 ursule
1472 5593 1580 5646 landetur
1593 5606 1620 5644 ιιι
1641 5588 1745 5644 Latinus
1768 5587 1904 5654 codro-tina,

263 5667 325 5724 blus
340 5669 387 5727 ubi
405 5668 516 5738 dicitnr,
538 5672 671 5727 ueritatem
691 5671 760 5736 dico,
785 5669 894 5726 additur
907 5677 935 5727 ιἰι
949 5669 1065 5742 Christo,
1118 5672 1240 5727 sobrietns
1253 5679 1289 5724 est
1303 5666 1420 5744 legendo,
1433 5665 1477 5720 sed
1491 5665 1606 5748 restitns,
1622 5663 1649 5716 id
1663 5669 1702 5744 ert
1715 5661 1874 5738 σωφροσύνη.
1892 5730 1896 5740 Ι

263 5754 326 5852 quae
336 5742 463 5871 Recessim
470 5739 571 5827 §raeco
581 5744 665 5870 :itiam
679 5752 743 5800 sunt
760 5753 907 5872 ιιιιὶιγ.ἰωω
1119 5817 1134 5872 ⁶
1149 5740 1173 5871 ἵ
1189 5741 1346 5814 depositum
1357 5735 1476 5794 securnla
1490 5749 1570 5792 rrranu
1583 5748 1609 5790 ιιι
1621 5733 1743 5789 l‘alnnno
1757 5745 1807 5789 rns.
1821 5777 1828 5800 ,
1841 5729 1908 5786 nniv-

185 5847 188 5851 -
370 5827 412 5870 ιιι
448 5831 478 5868 .ι
513 5827 579 5869 ern
608 5828 688 5870 rres
787 5831 816 5869 so
909 5829 1067 5873 sconman·
1134 5831 1199 5871 era.

263 5895 305 5942 ter
318 5885 400 5946 babet
411 5887 455 5945 rel
469 5827 528 5942 affut
539 5831 678 5957 pntici'iis,
693 5829 767 5944 um
781 5887 906 5959 Epistola
920 5888 955 5946 ad
976 5889 1066 5946 Salvi-
