4017 6334
267 297 318 358 ,tm
771 297 801 357 S.
821 294 1013 356 tttuuodtttt
1033 293 1150 355 nttttiu
1169 293 1411 356 utuuttttnncu.
1845 310 1889 370 tit

304 416 367 474 Non
388 419 474 492 eninr,
487 420 555 477 siem
578 416 858 482 insinuationibus,
878 414 1005 472 dominus
1019 417 1105 487 pa-li
1155 411 1275 470 Dicentes
1298 430 1308 471 .·
1331 415 1460 470 Dominus
1484 414 1553 472 deus
1581 416 1849 491 superterrenorum,
1870 439 1890 484 er

268 489 359 546 tientes
372 501 518 566 suspectat,
534 502 563 548 ut
575 509 619 548 eos
629 537 636 562 ,
648 507 710 546 cum
726 488 826 546 ludicii
845 489 900 544 dies
916 488 1066 556 advenerit,
1119 485 1294 542 carrsololitus
1307 487 1335 542 in
1350 488 1441 553 nabis,
1456 489 1671 557 quemadmodum
1683 490 1710 544 in
1731 494 1891 560 protistatiane

259 560 298 616 in
312 562 473 630 plsrritudine
487 573 653 634 peccatorum
666 565 758 635 puniat
772 578 783 619 .·
1119 557 1211 614 cantici
1222 558 1366 614 declaravit
1379 557 1503 632 lloqses:
1524 558 1559 614 lit
1584 562 1611 616 in
1630 561 1708 617 seruis
1719 563 1771 618 suis
1790 569 1892 624 camala-

305 631 349 688 lta
359 643 382 690 et
394 635 422 692 in
436 637 509 693 nobis
528 637 618 692 statuit
629 677 637 702 ,
649 636 678 691 in
690 634 802 709 peccatis
821 631 916 689 nostris
938 633 967 687 in
988 630 1068 702 finem
1120 628 1198 684 bitur.

269 703 417 772 devolutis,
439 708 476 764 ita
487 709 590 764 demum
599 709 628 763 in
641 725 689 763 utos
699 706 823 763 uindicet.
1156 700 1261 758 Mortuo
1274 704 1362 773 itaque
1375 702 1422 759 itta
1435 705 1536 776 primo,
1551 705 1599 760 lroc
1612 704 1687 758 rrtoda
1702 717 1835 777 sequentem
1856 712 1894 768 de.
1997 723 1998 772 f

305 775 419 848 Propter
429 780 499 852 quad
519 796 661 851 numquam
674 779 810 852 quideme
828 776 901 831 nabis
923 775 1070 830 misericor·
1119 772 1248 829 ducebam
1265 773 1299 828 od
1314 773 1494 831 illudendum:
1515 785 1556 840 et,
1582 785 1640 832 cote
1666 778 1756 844 capitis
1774 780 1825 851 q'os
1845 799 1893 839 eum
1997 777 1998 782 ’

163 843 172 856 ”
269 846 341 903 diam
354 866 430 906 suam
440 862 539 909 amarm
550 869 560 909 :
572 853 715 925 corripiens
725 865 784 906 acro
792 850 818 904 in
826 849 938 904 adratis
945 847 1069 920 populum
1120 844 1224 916 capillis
1237 846 1377 912 abstracta,
1390 847 1596 920 interraqabant‚
1612 849 1634 902 si
1649 849 1809 906 manducaret
1818 859 1893 924 paor,

267 934 346 976 suum
358 924 585 995 „pederelinquis
1119 933 1196 988 quarn
1211 925 1263 973 toto
1278 932 1386 987 corpore
1399 935 1444 988 per
1459 919 1571 975 rerembra
1584 920 1687 992 sinqulo
1698 921 1835 988 puniretur.

305 991 360 1048 Sed
374 995 429 1050 ltoec
441 997 512 1052 nobis
526 997 561 1052 ad
584 995 808 1051 commonitionem
836 991 975 1064 lsqentium
998 990 1069 1046 dieta
1156 989 1189 1043 At
1204 989 1264 1053 ille,
1277 989 1435 1060 respondens
1448 992 1533 1062 patria
1545 1007 1620 1055 uoce,
1633 991 1699 1046 dicit
1714 1007 1724 1044 .·
1737 991 1793 1047 Non
1804 995 1894 1065 fociant.

269 1061 322 1118 sint
337 1069 437 1136 paucis.
450 1066 513 1124 lam
526 1077 613 1124 autem
626 1067 826 1124 ontiendumcst
836 1067 871 1119 od
880 1063 1068 1120 narrationem.
1125 1059 1238 1131 Propter
1250 1063 1319 1130 quod
1337 1069 1361 1116 ct
1382 1063 1441 1130 iste,
1454 1064 1568 1133 sequenti
1591 1062 1664 1128 loca,
1691 1063 1767 1132 primi
1789 1076 1898 1123 tormenta
1997 1061 1998 1066 ’

306 1132 392 1208 lqitur
406 1137 547 1196 Eleazarus
561 1156 631 1195 unus
644 1138 676 1194 de
690 1136 845 1211 primoribus
855 1134 999 1192 scribarum
1011 1175 1019 1202 ,
1031 1136 1070 1190 uir
1120 1134 1255 1202 suscepit:
1399 1196 1407 1218 .

270 1217 346 1263 tetate
360 1221 515 1278 prouectus,
531 1220 556 1266 et
570 1212 643 1266 uultu
656 1209 786 1278 decorus,
811 1215 900 1280 aperto
927 1223 971 1262 ore
993 1205 1069 1262 inians
1124 1229 1133 1252 :·
1156 1202 1192 1258 Et
1203 1206 1230 1260 in
1242 1204 1332 1260 ultimo
1343 1204 1436 1278 spirutu
1448 1208 1617 1274 curculiones,
1630 1205 1667 1259 sic
1678 1204 1713 1258 ait
1725 1221 1733 1259 :
1746 1204 1783 1260 Ta
1796 1208 1896 1278 quidem,

273 1280 475 1351 compellebatur
487 1299 592 1340 carrucas
603 1283 740 1355 porcinam
753 1283 921 1336 nranducare.
1120 1274 1315 1342 scelestissime,
1331 1276 1359 1330 in
1381 1280 1502 1349 presenti
1517 1280 1569 1334 rita
1591 1293 1639 1331 aas
1659 1276 1745 1349 perdis
1769 1293 1778 1332 .·
1799 1279 1899 1336 sedites
1997 1317 1998 1354 q

310 1353 342 1406 lt
353 1352 398 1408 ille
409 1353 622 1424 qloriasissimam
635 1365 744 1409 mortem
762 1352 846 1423 maqis
858 1366 937 1422 quam
948 1349 1071 1405 odibilem
1121 1345 1211 1401 nrutrdl
1223 1347 1357 1419 desarrctos
1373 1365 1419 1404 uos
1437 1367 1486 1420 pro
1500 1350 1554 1406 setis
1576 1347 1674 1420 leqibus
1696 1348 1723 1402 in
1746 1357 1841 1406 nterim
1851 1353 1900 1406 rita

271 1423 349 1480 tilam
362 1424 547 1496 eonrplectenr.
561 1428 705 1481 voluntarie
719 1424 826 1496 psallat
838 1426 874 1478 ad
899 1422 1069 1494 suppliciunt.
1120 1421 1333 1474 resurrectionem
1344 1421 1487 1477 suscitabit.
1997 1469 1998 1492 ,

270 1530 272 1543 .
308 1493 416 1552 intuens
430 1506 529 1566 autem,
543 1496 757 1571 quemadmodem
780 1504 907 1569 oporteret
930 1494 1069 1560 accedere,
1160 1487 1224 1544 Post
1239 1494 1307 1545 lrurrc
1327 1493 1415 1547 tertias
1430 1492 1565 1564 illuditur,
1584 1501 1615 1566 let
1635 1492 1751 1561 linquam
1774 1492 1901 1562 postulatos
1997 1499 1998 1520 ³

272 1567 399 1639 patienter
420 1570 565 1638 sustinens,
586 1569 721 1624 destinauit
743 1585 795 1624 non
822 1565 957 1622 admittere
979 1563 1072 1620 illicita
1122 1562 1306 1634 citaprotnlit‚
1322 1570 1345 1618 et
1357 1581 1449 1620 suanus
1462 1562 1757 1621 eorrstantereetendit:

273 1651 378 1764 prasster
388 1640 448 1696 airae
462 1657 586 1698 assureni,
1161 1631 1195 1687 tto
1204 1650 1263 1716 cunt
1283 1635 1380 1704 qldncia
1393 1638 1430 1692 ait
1444 1653 1453 1690 :
1470 1636 1493 1691 Ε
1505 1637 1568 1693 soelo
1583 1637 1633 1690 ista
1649 1632 1783 1704 possideo,
1795 1635 1837 1689 sed
1848 1651 1901 1707 pro-

340 1710 473 1780 taneos,
487 1714 532 1782 qni
554 1713 689 1777 astulam,
711 1712 802 1782 iniqua
824 1710 988 1765 miseratione
1003 1724 1073 1764 conr·
1122 1712 1179 1775 pter
1193 1703 1321 1774 llerleqes
1347 1723 1416 1762 nunc
1439 1709 1494 1763 lae
1522 1711 1579 1782 ipsa
1602 1707 1733 1775 despicio,
1754 1707 1903 1775 quoniomal

271 1783 349 1850 moti,
365 1795 468 1857 propter
480 1785 614 1853 antiquam
636 1785 685 1839 riri
708 1783 867 1848 amicitiam,
880 1781 999 1836 tollentes
1015 1796 1072 1835 eum
1086 1776 1181 1880 Bipso
1191 1793 1231 1830 arc
1244 1793 1274 1832 ea
1284 1789 1446 1848 recepturum
1455 1797 1553 1852 spero:

273 1865 371 1910 secreta
389 1855 514 1928 roqabant
528 1855 619 1924 aliersi
633 1871 733 1919 carnes,
749 1853 843 1926 quibus
855 1853 922 1908 nesci
932 1853 955 1908 ci
967 1851 1071 1920 licebat,
1159 1845 1204 1902 lta
1225 1859 1253 1903 nt
1276 1865 1337 1916 ren,
1353 1859 1377 1904 et
1388 1854 1431 1920 qul
1441 1867 1500 1905 cum
1510 1853 1567 1924 ipso
1579 1857 1651 1906 cram
1665 1849 1837 1913 ,mirarentur
1848 1849 1904 1903 ado·

271 1933 300 1980 ut
313 1926 479 1982 timularctur
488 1930 677 1996 ntanducusse,
701 1927 769 1982 sieut
790 1943 838 1983 rea
859 1928 1029 1997 imperauerat
1040 1923 1073 1980 de
1124 1919 1244 2002 deseratis
1254 1921 1383 1991 animam,
1395 1928 1465 1994 qnod
1478 1934 1608 1996 tanrqaam
1621 1921 1734 1976 niltilum
1748 1921 1844 1976 duceret
1857 1937 1907 1974 crn-

274 1998 343 2050 socri
379 1997 397 2051 il
411 1997 552 2054 carnibus:
1124 1999 1215 2047 ctortrrs.

311 1996 422 2134 mmm
433 2070 515 2141 facto,
529 2088 547 2126 α
563 2080 646 2126 morte
658 2069 811 2126 liberaretur
825 2085 835 2125 .·
850 2076 875 2124 et
889 2078 995 2142 propter
1006 2076 1074 2124 oete·
1162 2061 1195 2118 lt't
1219 2063 1267 2120 boe
1287 2065 1325 2120 ito
1350 2066 1487 2138 defuncto,
1513 2075 1633 2138 quartum
1657 2063 1782 2120 uenabotnt
1804 2062 1907 2118 similiter

273 2153 328 2192 rem
344 2139 394 2194 riri
407 2142 559 2209 anricitinm,
575 2143 642 2196 lanc
657 2143 683 2197 in
693 2158 722 2196 eo
731 2141 860 2213 sedebant
873 2140 1073 2195 humanitatem.
1126 2143 1283 2206 torquentes.

310 2210 344 2264 rit
357 2210 530 2284 illccoqitare
544 2215 711 2284 eoepitetatis
734 2229 765 2268 ac
792 2213 931 2268 senectutis
945 2228 999 2267 suec
1012 2212 1074 2266 emi·
1161 2207 1213 2272 lit,
1229 2224 1288 2262 curn
1307 2211 1366 2280 jam
1389 2220 1454 2265 esset
1471 2211 1506 2264 ad
1533 2219 1659 2278 mortem,
1683 2209 1721 2263 sie
1744 2208 1799 2262 nit:
1826 2207 1905 2261 Potius

275 2282 389 2338 arntiam
410 2285 534 2356 diqnam,
562 2296 587 2341 et
615 2284 737 2358 inqenitce
766 2284 909 2341 nobilitatis
934 2283 1072 2351 canitiem,
1125 2279 1204 2334 estob
1218 2279 1366 2336 horninibus
1386 2285 1463 2338 morti
1484 2284 1558 2338 datos
1573 2298 1644 2350 spem
1657 2289 1804 2351 exspectare
1822 2278 1908 2340 aliea,

274 2361 376 2424 atquea
396 2371 477 2427 puero
490 2359 595 2428 optimee
609 2357 809 2412 conumsatianis
822 2364 897 2412 actus
911 2371 921 2410 .·
943 2365 969 2411 et
982 2371 1075 2411 seeun-
1124 2350 1217 2406 iterum
1231 2352 1263 2406 ab
1273 2352 1551 2424 ipsarcsuscitandas:
1570 2355 1615 2410 tibi
1630 2353 1700 2408 enim
1722 2351 1868 2406 resurreetio
1880 2350 1908 2403 ed

274 2424 337 2478 dum
360 2435 457 2483 sanctae
478 2436 503 2481 et
526 2427 614 2483 olleo
628 2429 741 2484 condita
761 2428 826 2501 lcqis
850 2427 1009 2493 constituta,
1030 2443 1074 2482 se·
1125 2423 1205 2479 uitam
1217 2439 1268 2478 reon
1281 2424 1340 2481 etit.

273 2496 379 2573 spondit
388 2500 458 2567 cita,
475 2499 563 2555 dicens
576 2543 585 2568 ,
598 2501 720 2570 praemitti
730 2517 757 2554 se
766 2499 832 2555 aelle
842 2501 870 2554 in
881 2500 1023 2570 infernum.
1163 2493 1198 2548 lit
1212 2510 1270 2550 eum
1279 2497 1452 2557 aduenissent
1461 2500 1597 2575 quintum,
1612 2496 1740 2554 necabant
1753 2511 1819 2550 eum
1828 2491 1909 2562 dtille,

312 2566 453 2624 Noncnim
468 2572 552 2626 aetatis
566 2572 943 2642 nostrediqnumest,inquit‚
959 2571 1075 2642 finqere:
1124 2567 1263 2634 respiciens
1276 2567 1387 2638 ineurn,
1477 2581 1485 2596 ·
1997 2615 1998 2624 ι

275 2648 304 2695 ut
317 2640 393 2696 rosulti
417 2642 641 2714 adolescentium,
666 2643 821 2724 erbitrpmes
846 2642 1002 2698 Eleazarum
1028 2659 1076 2698 no·
1162 2636 1250 2693 Dicit:
1263 2639 1737 2706 Potestateminterlramlnesloabeas,
1753 2637 1912 2693 comsiscor·
1997 2675 1998 2680 κ

277 2712 385 2782 naqinta
415 2730 545 2769 annorum
576 2715 699 2772 transisse
735 2716 771 2770 ad
798 2715 877 2771 uitam
915 2715 1076 2788 alieniqena·
1125 2711 1272 2780 ruptibilis,
1285 2713 1364 2836 liam
1385 2716 1454 2788 qood
1467 2718 1530 2774 uis:
1550 2716 1603 2771 noll
1627 2722 1716 2768 autem
1740 2719 1829 2782 putore
1844 2722 1911 2782 qenus
1997 2721 1998 2750 1

275 2799 357 2839 runs:
1127 2791 1269 2837 nostruma
1312 2799 1341 2838 ea
1355 2787 1593 2844 essederetlctum:

311 2852 348 2910 us
372 2857 424 2930 ipsi
452 2865 556 2931 propter
579 2875 665 2914 meam
688 2859 896 2926 simulationem,
921 2866 945 2913 et
969 2869 1076 2932 propter
1162 2853 1202 2908 Tu
1217 2865 1302 2910 autem
1310 2858 1437 2926 patientes
1449 2862 1563 2929 sustine,
1579 2868 1603 2915 et
1616 2856 1714 2912 uidebis
1723 2868 1842 2928 maqnonr
1852 2859 1913 2922 pote·

278 2928 405 2984 modicum
415 2930 590 3000 corruptibilis
604 2933 662 2986 altre
676 2939 776 3002 tempus
787 2930 966 3002 decipiantur,
992 2941 1016 2985 et
1029 2948 1076 3003 per
1125 2931 1219 2980 statem
1229 2929 1327 2996 ipsios,
1338 2931 1450 2998 qualiter
1460 2943 1503 2996 te,
1518 2941 1542 2988 et
1552 2947 1638 2987 semen
1655 2940 1729 2982 tuum
1742 2925 1870 2994 torquebit.

276 2995 327 3052 itae
340 3001 485 3072 maculam,
501 3012 578 3075 atque
587 3001 788 3058 exsecrationem
801 3017 865 3057 mee
876 3002 999 3057 senectuti
1014 3018 1076 3058 con·
1164 2995 1227 3052 Post
1239 2997 1308 3052 bunc
1322 3000 1449 3058 ducebant
1462 3013 1580 3069 textum,
1596 3011 1620 3057 tl
1634 3002 1678 3066 ⁵³·
1695 2999 1764 3054 ⁶1⁰⁶
1785 2995 1913 3066 incidisti·

277 3069 388 3142 quirem.
1127 3068 1164 3123 sic
1178 3071 1235 3125 ait:
1250 3069 1315 3126 Noli
1328 3074 1426 3140 frustra
1439 3091 1525 3130 errare
1536 3092 1545 3130 .·
1555 3091 1603 3129 tros
1617 3075 1688 3128 enirn
1699 3080 1804 3144 propter
1818 3073 1915 3120 uetud-

314 3141 386 3197 Nam
397 3185 406 3212 ,
419 3145 467 3199 etsi
479 3146 637 3218 inpraesenti
651 3154 764 3215 tempore
787 3145 921 3217 suppliciis
941 3144 1075 3200 bominum
1090 3209 1113 3275 c
1127 3140 1198 3264 Poe
1221 3141 1276 3196 lttec
1302 3147 1430 3214 patimur,
1447 3156 1578 3218 peccantes
1602 3145 1629 3200 in
1653 3145 1739 3198 lleurn
1754 3149 1882 3205 nostrum,
1895 3143 1915 3188 tl

1147 3229 1154 3265 r

277 3212 392 3286 eripior,
406 3216 452 3270 sed
465 3231 572 3271 marsum
595 3216 842 3290 Omreipatentirnec
855 3217 946 3287 rinus,
962 3234 1010 3272 uec
1031 3218 1076 3274 de·
1156 3213 1394 3282 quaadmisatioue
1409 3222 1544 3288 lactarunt
1558 3216 1697 3272 introbit:

278 3287 384 3356 {unctos
399 3285 533 3360 effuqiam.
1168 3283 1206 3337 Tu
1219 3294 1308 3340 autent
1327 3303 1359 3342 ne
1371 3291 1501 3346 enistimes
1516 3290 1562 3344 tibi
1575 3291 1682 3362 impune
1699 3291 1838 3360 intersum,
1857 3278 1917 3352 quod

317 3355 405 3424 Quam
423 3358 455 3413 ab
478 3374 533 3413 reno
556 3360 658 3430 sortiter
683 3359 736 3415 nita
758 3360 922 3431 secedendo,
948 3370 1079 3417 senectute
1129 3365 1219 3411 contra
1232 3352 1316 3412 Deum
1349 3377 1447 3432 uqnarc
1462 3363 1613 3418 tentaveris.
1997 3369 1998 3372 ’

278 3425 386 3497 quidem
400 3429 495 3502 diquus
509 3434 642 3502 apparebo
656 3447 666 3487 .·
1167 3427 1255 3500 Supra
1273 3377 1382 3486 moesiam
1403 3442 1490 3490 autem
1503 3443 1587 3488 mater
1601 3430 1753 3494 mirabilis,
1769 3437 1793 3483 et
1808 3427 1919 3504 bononem

313 3499 527 3558 Adolescentibus
542 3514 629 3558 autem
641 3504 789 3572 eaenrplnm
798 3504 866 3574 sorte
876 3505 1021 3576 relinquam
1035 3551 1043 3576 ,
1057 3510 1080 3562 sl
1130 3501 1254 3554 memoria
1269 3502 1359 3573 diqna,
1377 3520 1435 3574 quoe
1446 3515 1583 3577 pereuntes
1597 3513 1699 3572 septem
1710 3503 1782 3572 filios
1793 3497 1840 3552 snb
1852 3507 1919 3549 unrrn

280 3583 400 3642 prompto
414 3575 520 3641 anima,
533 3591 564 3630 ac
578 3576 680 3647 fortiter
691 3591 738 3646 pso
753 3576 913 3649 qsaoisslmis
926 3593 957 3630 ac
969 3580 1080 3633 sanctis·
1131 3569 1183 3624 dt'tt'
1197 3580 1310 3644 tempore
1325 3578 1509 3645 conspiciens,
1532 3578 1597 3632 bana
1607 3577 1698 3631 antimo
1715 3571 1814 3644 illim
1827 3575 1920 3642 l’l0l'lr

278 3642 351 3697 simis
377 3634 477 3717 leqibns
502 3648 609 3703 bonerto
633 3656 715 3702 marte
747 3651 900 3719 personqar.
926 3647 977 3703 llis
1003 3647 1081 3705 dictis
1130 3657 1303 3713 mellillam
1317 3646 1346 3700 in
1360 3643 1589 3703 Dtttmltoltcbttt:
1883 3709 1888 3721 ,

280 3715 416 3784 confestim
429 3719 464 3772 ad
472 3720 628 3792 supplicium
641 3718 803 3774 tradebatur.
1167 3713 1296 3787 Sinqolos
1317 3718 1427 3772 illorum
1448 3719 1605 3774 irascebatur
1629 3729 1693 3772 noce
1719 3715 1807 3788 patria
1830 3715 1921 3782 {artetes

310 3785 354 3868 'lli
368 3798 472 3857 numm,
488 3789 759 3862 querentiumque,
775 3801 799 3846 a
810 3789 892 3864 panto
904 3801 965 3846 aare
975 3793 1081 3863 queram
1129 3783 1229 3867 repleta
1249 3789 1378 3858 sapientia
1389 3805 1399 3844 .·
1412 3801 1436 3845 et
1452 3791 1570 3862 lenoinete
1587 3788 1745 3862 coqitationi
1760 3783 1922 3841 masculinnm

280 3859 414 3931 mitiores,
429 3862 457 3915 in
469 3863 536 3917 irant
550 3863 668 3918 conuersi
680 3871 743 3917 sunt
753 3873 858 3936 propter
868 3880 997 3920 serrrrones
1011 3864 1081 3919 obeo
1131 3871 1248 3912 altimum
1261 3861 1376 3916 inserens
1390 3878 1400 3916 .·

279 3928 380 3998 dietas,
404 3934 524 4004 quasilli
551 3951 597 4004 per
617 3937 795 4008 arroqantiarn
821 3936 938 4007 prolatos
966 3935 1080 3991 arbitra·
1167 3925 1242 3986 iiten
1256 3932 1291 3984 od
1306 3949 1370 3988 eas:
1387 3932 1485 3989 Nostia
1499 3933 1614 4006 qualiter
1631 3933 1660 3987 ln
1682 3941 1759 3987 utera
1779 3939 1924 4005 rtteotppt3

281 4000 388 4060 barrtur.
1131 4001 1242 4058 ruistis:
1266 4021 1348 4070 neque
1372 4007 1439 4060 enim
1466 4021 1512 4078 eqo
1527 4007 1647 4078 spiritum
1662 4012 1688 4058 et
1705 4005 1825 4060 animam
1839 3999 1924 4078 dortour

317 4072 387 4144 Sed,
402 4092 462 4132 cum
475 4077 561 4150 plaqis
574 4078 757 4149 perimeretur,
778 4078 918 4152 inqemuit,
941 4087 965 4134 et
988 4079 1056 4134 diait
1071 4095 1081 4134 .·
1131 4072 1223 4145 uobis,
1240 4085 1265 4130 at
1283 4079 1380 4144 ultam,
1395 4085 1420 4132 et
1432 4077 1599 4148 sinqulorum
1612 4078 1731 4132 irremissa
1748 4091 1800 4130 non
1817 4088 1861 4143 eqo
1874 4081 1924 4138 rptt

282 4143 414 4216 Domine,
434 4153 480 4220 qui
492 4149 570 4204 lrabes
583 4161 699 4205 sanctam
713 4153 864 4216 scientiam,
889 4150 1026 4221 marriieste
1054 4160 1084 4206 tu
1131 4151 1272 4217 contptqi:
1853 4213 1857 4224 ¹

281 4217 350 4284 scis,
365 4221 442 4287 quia,
458 4236 518 4274 cum
532 4237 549 4275 α
567 4232 650 4276 morte
663 4239 764 4292 possem
777 4222 899 4288 liberari,
921 4223 1002 4278 duros
1024 4238 1081 4277 cor·
1170 4216 1223 4274 Sed
1237 4221 1306 4276 enirn
1319 4221 1412 4276 muttdi
1424 4219 1542 4287 Creator,
1554 4223 1599 4292 qui
1613 4222 1742 4292 q'arruaait
1758 4216 1872 4270 lominus
1885 4225 1926 4292 αα·

283 4288 354 4356 poris
366 4291 480 4348 sustineo
491 4291 612 4348 dolores:
625 4298 765 4349 secundom
776 4293 890 4348 aninrom
903 4311 962 4350 aero
976 4303 1082 4367 propter
1133 4292 1273 4361 deitatem,
1290 4293 1384 4364 quique
1404 4295 1521 4348 oninium
1543 4295 1639 4348 inuenit
1655 4295 1805 4364 ariqinem,
1822 4296 1844 4340 et
1858 4296 1927 4368 spdt·

283 4358 399 4415 timorem
413 4371 485 4418 tuum
497 4363 605 4418 libentes
618 4365 673 4419 boec
687 4366 783 4434 patior.
1133 4374 1187 4421 tum
1204 4363 1272 4419 uobis
1299 4367 1392 4418 iterant
1415 4381 1476 4419 cuns
1494 4365 1678 4420 misericordia
1702 4364 1795 4419 reddet
1810 4366 1926 4418 eteniam,

320 4428 353 4483 lit
368 4432 416 4488 toa
425 4435 528 4504 quidem
552 4436 600 4488 lroc
615 4434 692 4490 moda
702 4436 755 4490 cita
774 4437 883 4492 decessit
895 4479 903 4503 ,
929 4453 982 4493 non
996 4439 1082 4494 solum
1134 4438 1199 4492 sicut
1211 4452 1281 4490 nurrc
1294 4437 1463 4508 nosmetipsas
1475 4437 1608 4508 despicitis
1621 4445 1734 4509 propter
1748 4434 1818 4504 leqes
1830 4432 1892 4513 siut·

277 4503 432 4576 juvenibus,
444 4509 489 4560 sed
501 4517 525 4562 et
537 4507 663 4563 uniuersae
676 4509 745 4580 qemi
757 4510 908 4564 memoriam
920 4510 1013 4564 mortis
1026 4526 1083 4567 sure
1169 4506 1314 4562 Antiochus
1328 4517 1435 4574 autent,
1459 4509 1588 4562 contemni
1602 4525 1629 4562 se
1644 4507 1804 4570 arbitratus,
1821 4495 1927 4579 sottultl

282 4572 318 4630 ad
329 4578 476 4651 exemptum
490 4579 592 4634 uirtutis
604 4589 628 4635 et
641 4579 803 4652 fortitudinis
813 4580 1008 4654 derelinquens.
1097 4579 1317 4664 Deuprolsantis
1331 4595 1392 4636 uoce
1405 4581 1545 4651 despecta,
1562 4595 1618 4633 eum
1635 4580 1730 4634 adbuc
1750 4576 1929 4633 adolescentior

1135 4661 1297 4719 superesset,
1313 4667 1366 4707 non
1384 4651 1468 4706 saluus
1483 4649 1566 4706 uerbis
1585 4649 1757 4715 lrartubatur,
1780 4646 1825 4702 sed
1840 4649 1862 4697 el
1876 4652 1927 4694 clm

586 4698 702 4758 CAPUT
722 4701 779 4758 VH·
1130 4727 1284 4798 juramenta
1298 4723 1454 4795 affirmabat,
1469 4739 1497 4777 se
1509 4721 1616 4776 diuitem
1630 4733 1654 4777 et
1671 4725 1781 4778 beatum
1795 4717 1928 4790 facturum,

317 4787 432 4862 Contiqit
444 4798 529 4848 autem
545 4801 571 4847 ct
581 4801 679 4866 septem
692 4794 788 4864 fratres
800 4812 854 4850 una
867 4811 927 4849 erem
940 4803 1024 4851 matre
1036 4811 1084 4853 suc
1135 4804 1159 4852 et
1173 4796 1332 4852 translatam
1346 4811 1362 4849 α
1377 4795 1468 4864 patriis
1482 4794 1582 4864 leqilros
1596 4797 1714 4850 anticum
1730 4793 1895 4852 doliturum,
1908 4787 1929 4835 tl

283 4863 457 4933 apprelrensos
471 4863 624 4937 compellis
648 4883 707 4951 reqe
719 4867 793 4922 edere
815 4879 906 4924 contra
927 4868 968 4940 ias
993 4883 1084 4923 carnes
1134 4885 1175 4926 res
1189 4868 1351 4924 necessarios
1366 4865 1585 4940 eiprtebiturum.
1855 4929 1861 4940 ¹

284 4933 419 5003 porcinas,
435 4937 544 5009 illisit,
558 4945 582 4992 tt
598 4945 697 4993 taureis
708 4940 848 4996 cruciatos.
1171 4941 1224 4998 Sed
1237 4940 1272 4994 ad
1287 4939 1342 4994 lutee
1356 4955 1413 4992 curn
1428 4935 1580 4993 adolescens
1601 4954 1777 5012 nequaquam
1798 4933 1930 4990 inclmare-

322 5001 395 5060 linus
405 5018 490 5062 autern
503 5024 536 5063 ea
548 5009 618 5076 illis,
631 5010 676 5080 qui
690 5020 745 5065 erat
757 5013 873 5082 primus,
888 5011 925 5067 sic
940 5014 977 5065 ait
991 5009 1083 5078 :Quid
1135 5021 1178 5069 tur
1191 5055 1199 5078 ,
1225 5013 1326 5067 uacauit
1348 5027 1395 5066 reo:
1410 5019 1538 5077 matrem,
1560 5022 1584 5065 et
1598 5011 1731 5066 suadebat
1745 5010 1769 5065 ei
1783 5049 1791 5075 ,
1806 5013 1835 5062 ut
1848 4997 1930 5055 odole-

281 5081 398 5148 quteris,
422 5088 447 5134 et
473 5080 538 5151 quid
559 5082 597 5136 ais
611 5082 709 5136 discere
730 5099 747 5136 α
769 5083 863 5138 nobis?
886 5084 972 5156 parati
991 5099 1082 5138 sununs
1134 5086 1301 5152 scenthieret
1315 5083 1342 5138 in
1355 5083 1475 5137 salutem.

282 5150 360 5216 mori,
372 5153 466 5222 maqin
480 5167 557 5223 quam
570 5154 670 5224 patrias
683 5153 732 5209 net
751 5156 818 5223 leqes
829 5156 1006 5226 prteoaricari.
1171 5156 1235 5213 Cum
1249 5163 1334 5210 autern
1348 5154 1436 5209 struitis
1457 5169 1515 5208 eam
1538 5155 1621 5211 uerbis
1637 5164 1707 5211 esset
1723 5157 1860 5214 narrator,
1876 5156 1932 5215 ptt·

319 5217 409 5277 lratus
421 5224 507 5293 itaque
520 5241 567 5282 sca
582 5226 664 5298 jussit
677 5229 838 5310 sartaqines,
859 5235 884 5281 et
908 5225 974 5281 ollas
996 5241 1082 5283 eneas
1134 5231 1205 5285 misit
1220 5243 1356 5282 serusuranr
1371 5243 1398 5280 se
1408 5225 1467 5294 lilio
1484 5242 1545 5280 sua.

282 5293 421 5349 succendi:
435 5295 527 5365 qulbus
538 5298 626 5353 statim
637 5313 782 5364 succenses,
1171 5299 1265 5371 ltaque
1283 5299 1410 5354 inclinata
1423 5296 1458 5350 od
1470 5297 1547 5364 illud,
1567 5297 1684 5355 irridens
1700 5297 1837 5354 crudelem
1850 5303 1933 5368 tqran·

319 5359 403 5419 lussit
414 5367 451 5434 ci,
472 5372 518 5438 qui
531 5371 603 5442 prior
618 5373 703 5438 iuerat
733 5368 850 5438 locutus,
870 5373 1002 5444 antpmasi
1028 5370 1081 5427 lin·
1136 5390 1217 5439 nuru,
1232 5371 1269 5424 ait
1283 5371 1370 5440 patria
1383 5383 1462 5424 occe:
1479 5367 1533 5424 Fili
1548 5371 1604 5436 mi,
1627 5371 1758 5426 miserere
1770 5369 1831 5434 mei,
1846 5381 1900 5436 qna
1913 5373 1933 5444 tt

285 5446 440 5507 quamset,
466 5449 524 5494 cute
547 5442 641 5505 capitis
663 5442 815 5510 abstracta,
844 5458 959 5498 summos
981 5459 1082 5514 qnoque
1134 5447 1353 5500 inutesooooem
1368 5442 1498 5496 mensibus
1514 5442 1727 5510 nartnai,etlac
1742 5439 1931 5502 tricennalem,

285 5522 377 5562 uranus
396 5518 421 5564 et
441 5512 554 5582 pedesei
579 5514 733 5582 praescindi,
756 5517 856 5572 coeteris
879 5519 936 5588 ejtrs
960 5517 1086 5586 [ratribus
1118 5527 1160 5572 ret
1174 5517 1243 5584 alni,
1257 5523 1281 5570 et
1296 5515 1324 5569 ia
1336 5521 1440 5570 etatem
1452 5516 1529 5568 istam
1542 5515 1664 5587 perdocti.

285 5586 310 5632 et
326 5588 410 5636 matre
419 5582 624 5651 inspicientibus.
1175 5587 1256 5656 Peto,
1273 5594 1352 5654 nate,
1370 5596 1397 5641 ut
1410 5586 1524 5654 aspicias
1537 5587 1570 5640 ad
1584 5585 1678 5640 eoelum
1692 5598 1719 5641 et
1734 5596 1833 5640 temam
1846 5625 1853 5647 ,
1868 5590 1891 5636 et
1902 5575 1933 5631 ad

320 5649 370 5720 lit,
382 5669 443 5709 curn
455 5656 511 5726 q'am
525 5672 571 5729 per
590 5658 677 5712 amnia
686 5657 788 5715 inutilis
801 5661 886 5731 frictus
901 5667 984 5725 esset,
1003 5662 1086 5733 jussit
1137 5661 1224 5715 omnia
1238 5675 1295 5730 quoe
1309 5660 1337 5713 in
1352 5658 1388 5713 eis
1409 5667 1469 5713 sont
1482 5673 1492 5712 .-
1505 5667 1530 5712 et
1549 5658 1706 5728 intelliqcs,
1728 5659 1794 5731 quia
1813 5649 1933 5713 curtiliis

283 5724 369 5797 iqncm
384 5726 531 5796 admoueri,
547 5739 572 5784 ct
591 5730 677 5784 adbuc
685 5731 827 5802 spirantem
842 5733 935 5787 torreri
958 5734 986 5787 in
1000 5741 1086 5787 sorta·
1137 5733 1197 5804 [ecit
1207 5732 1255 5787 illa
1267 5731 1350 5800 Dens,
1366 5740 1391 5785 et
1402 5730 1539 5784 bominum
1549 5744 1650 5802 qenus:

282 5797 367 5868 qine:
387 5798 416 5853 in
436 5816 487 5871 qua
507 5816 566 5856 curn
589 5801 635 5857 diu
656 5805 836 5868 cruciaretur,
856 5804 940 5861 coeteri
953 5819 1006 5860 uoto
1029 5819 1086 5860 cum
1173 5801 1217 5858 lte
1230 5805 1285 5872 qiet,
1301 5813 1329 5858 ut
1344 5819 1396 5859 non
1409 5801 1498 5858 timeas
1512 5801 1663 5872 carnificem
1674 5802 1769 5869 istum,
1785 5801 1831 5858 sed
1845 5799 1933 5869 diants

281 5876 365 5926 matre
378 5872 486 5931 inuicem
500 5890 528 5935 rc
541 5872 713 5932 lrortalantur
725 5878 791 5932 rnori
801 5875 920 5947 sortiter,
1137 5875 1261 5948 iratribus
1276 5876 1327 5932 tuis
1339 5874 1446 5946 effectus
1460 5874 1600 5946 particeps,
1614 5873 1722 5945 suscipe
1736 5885 1856 5944 mortem,
1871 5881 1896 5927 m
1909 5869 1932 5920 it
