4017 6334
92 383 149 450 ibt
735 388 840 452 ttnntt
858 385 1137 452 ncctnstnsttct:
1689 397 1744 460 ttt

133 509 195 569 Voce
202 509 411 570 matieiinnooot
423 525 515 570 autent
525 510 594 585 tp‘ttt,
605 515 630 567 et
640 515 732 567 contro
742 509 893 568 nimititudi·
904 511 934 574 Α
981 509 1133 566 Benedictio
1145 507 1219 566 iiiior
1230 508 1307 582 quari
1318 508 1415 581 durior
1425 505 1572 568 inundarit.

94 599 156 640 trent
170 586 241 642 rade
255 585 348 642 ecutae
360 586 429 656 ejece.
983 582 1121 650 Quomodo
1148 581 1324 655 catoctprrnue
1348 581 1452 636 aridam
1476 582 1612 640 inebriabit
1627 599 1637 639 .·
1650 587 1686 643 cic
1701 588 1744 644 ira

131 655 184 712 Cer
195 673 274 713 munt
287 656 361 712 dabit
374 657 402 712 in
418 655 666 713 contemptationem
684 670 804 729 operum,
815 661 842 711 et
853 654 893 711 oi·
943 653 1028 726 ipriur
1042 661 1140 724 penten,
1156 669 1213 724 queo
1226 669 1277 709 non
1293 654 1470 726 exquisierunt
1485 669 1555 723 eunt,
1567 654 1741 726 hereditabit.

93 727 161 799 pitia
173 745 224 785 noto
236 729 339 785 ornabit
349 730 378 784 in
389 729 586 800 perfectionem.
981 723 1120 791 Quomodo
1130 725 1252 780 convertit
1264 740 1345 796 equor
1358 725 1385 779 in
1396 725 1549 792 siccitatem,
1557 736 1580 782 et
1593 728 1690 784 circata
1704 740 1741 787 ott

130 799 178 856 Sic
190 801 291 873 fipuittc
303 801 439 857 redmtod
447 815 512 870 opue
524 807 769 863 etrum,eonoertene
782 797 892 870 pedibut
943 803 1015 851 terro
1028 812 1038 851 .·
1052 805 1078 851 et
1088 797 1136 853 nior
1148 794 1222 852 iiiior
1234 798 1272 852 oie
1287 796 1395 852 iliorum
1412 795 1520 853 directo
1534 808 1594 854 runt
1608 815 1617 854 .·
1631 801 1669 856 ric
1681 819 1742 875 pee-

92 872 152 927 euic
164 882 261 937 rotem,
272 873 318 944 qui
328 872 356 927 in
365 871 543 927 eoiiioitudine
555 871 657 943 porituc
672 879 817 942 entremper
831 885 893 940 pro·
943 867 1077 924 cotoribue
1092 869 1247 938 offendente
1257 868 1285 923 in
1302 870 1343 923 ira
1357 869 1424 940 ejue.

92 951 152 1016 pter
162 960 326 1014 openetrum,
341 944 403 1000 etin
416 956 525 998 numero
538 953 576 999 εει
588 943 674 998 omnir
694 943 810 1015 operatio
823 943 892 1014 ejur.
979 937 1056 996 Bona
1079 939 1152 998 botrie
1173 946 1261 996 creato
1284 949 1346 996 runt
1370 939 1403 994 ob
1423 939 1511 1010 iuitio,
1528 940 1566 998 ric
1579 944 1743 1016 nequimimit

132 1012 167 1070 in
183 1014 290 1072 tractio
304 1031 353 1071 cuo
367 1014 491 1086 formabit
511 1014 608 1082 tutum,
622 1023 647 1070 ει
658 1023 721 1070 onte
736 1013 814 1087 pedec
831 1029 895 1070 tuor
944 1009 1013 1069 bona
1027 1021 1051 1067 ει
1065 1012 1146 1069 οεοιο.

92 1087 212 1143 onerabit
225 1086 347 1143 uirtutem
358 1102 444 1142 cuam.
980 1080 1093 1138 Initium
1116 1083 1269 1140 necentoria
1282 1084 1320 1140 rei
1334 1085 1393 1140 uita
1407 1081 1553 1153 boninum,
1569 1101 1647 1159 eqeto,
1662 1089 1741 1162 tpnir,

130 1157 183 1215 Cor
202 1175 282 1215 eutem
297 1157 417 1225 dobit‚nt
431 1167 567 1215 conrueret
588 1155 745 1227 linitionem,
761 1164 787 1212 et
803 1154 895 1228 cipitia
944 1162 970 1209 et
980 1157 1090 1225 terrum,
1106 1155 1158 1224 rot,
1171 1155 1224 1221 tac,
1240 1165 1264 1212 et
1283 1156 1359 1228 penio
1382 1154 1572 1230 rimitopineuc,
1587 1166 1613 1214 et
1636 1161 1697 1230 enei,
1718 1170 1743 1218 et

91 1247 143 1286 εεο
155 1231 295 1287 mundabit
308 1234 452 1305 [ornarem.
944 1223 1035 1282 botruo
1047 1242 1114 1296 uoce,
1124 1238 1149 1284 et
1163 1226 1260 1296 etenn,
1274 1240 1298 1282 et
1313 1227 1502 1284 tenimentum.

133 1301 232 1358 Omner
246 1303 274 1357 bi
287 1303 315 1358 in
327 1301 447 1357 munibus
457 1301 512 1361 rotie
526 1307 707 1377 operemunt,
719 1308 744 1357 et
754 1299 895 1372 unuteuir·
982 1297 1049 1354 iieec
1064 1300 1153 1354 omnio
1166 1298 1261 1356 coneric
1280 1299 1308 1354 in
1319 1294 1406 1366 'bono,
1423 1298 1460 1354 tic
1473 1307 1498 1354 et
1509 1301 1599 1374 impiin
1613 1311 1638 1360 et
1648 1321 1743 1377 pecca·

90 1390 144 1446 pne
162 1375 190 1430 in
204 1383 264 1430 arte
276 1391 324 1430 cuo
335 1373 438 1446 capione
449 1384 497 1430 εει.
945 1369 1045 1427 tortbm
1059 1371 1087 1426 in
1099 1371 1171 1426 neoto
1185 1379 1374 1426 coreoertontur.

130 1446 196 1502 Sine
209 1446 251 1501 bic
266 1446 385 1503 omnibae
399 1461 452 1501 non
466 1443 614 1513 edificatur
627 1444 729 1501 cinitot.
985 1441 1057 1498 Sunt
1080 1443 1199 1514 epiritur,
1213 1442 1257 1513 oui
1282 1441 1318 1496 ed
1336 1441 1476 1498 uindictam
1497 1445 1578 1502 creati
1592 1457 1663 1518 runt,
1676 1460 1700 1505 ει
1715 1451 1743 1507 itt

128 1517 165 1572 Et
179 1533 234 1574 non
243 1517 437 1588 innabitabttnt,
449 1533 495 1573 nec
512 1516 724 1583 inombniobunt,
740 1523 764 1572 et
773 1516 802 1572 in
812 1514 895 1572 eccie-
946 1513 1038 1585 {crore
1049 1529 1099 1569 eno
1113 1513 1330 1584 confirmeomunt
1345 1523 1471 1580 tormento
1484 1531 1553 1572 rna:

92 1589 160 1644 riam
170 1606 226 1645 nen
238 1590 395 1645 trunnitient.
983 1580 1018 1640 In
1032 1594 1147 1657 tempore
1161 1585 1388 1642 comunemaetenr'r
1409 1585 1542 1654 effundent
1552 1591 1672 1649 uirtutem
1689 1609 1699 1650 .·
1713 1604 1738 1650 ct

129 1660 220 1722 secer
237 1662 331 1718 tetiam
342 1660 443 1734 jndicio
459 1675 512 1717 non
524 1659 659 1724 tedebunt,
676 1667 701 1714 et
715 1665 896 1714 tentamentum
946 1655 1063 1728 sororem
1077 1659 1144 1730 ejus,
1152 1659 1204 1780 poi
1214 1657 1275 1729 fecit
1294 1655 1363 1724 tttes,
1378 1656 1527 1725 piocabunt.

90 1732 188 1805 iudicii
202 1751 254 1788 nen
264 1732 511 1808 inteiiipent,ttepue
521 1730 610 1805 patum
624 1729 897 1802 [ocientditcipiinont
969 1726 1069 1811 dymin,
1085 1745 1150 1802 pron
1171 1744 1197 1798 o,
1215 1731 1308 1800 faterer,
1322 1738 1347 1786 et
1366 1745 1445 1798 mort,
1459 1732 1548 1787 omnio
1561 1733 1617 1792 buc
1633 1737 1668 1792 ad
1682 1739 1740 1797 oin·

92 1815 117 1860 et
130 1803 275 1870 iudicium,
288 1813 314 1860 et
323 1806 351 1860 in
366 1803 499 1874 pereboiic
512 1819 564 1858 non
577 1803 749 1858 invenientur.
947 1798 1045 1856 dectcrn
1054 1809 1140 1857 creato
1150 1809 1209 1856 runt
1223 1815 1233 1856 .·

125 1866 185 1932 'Sed
199 1887 348 1932 mouturam
357 1876 405 1932 teni
419 1873 620 1946 confirmabunt,
637 1883 662 1927 ει
672 1873 821 1946 deprecatio
832 1871 895 1929 ttta·
909 1909 935 1972 B
983 1869 1132 1926 Dactionum
1146 1872 1244 1942 denter,
1259 1881 1284 1928 et
1308 1873 1416 1944 toorpii,
1429 1881 1454 1927 et
1472 1885 1613 1949 terpentes,
1628 1889 1653 1936 et
1672 1897 1742 1938 ront-

93 1964 153 2002 rttm
162 1948 191 2002 in
206 1949 357 2020 operatione
366 1948 431 2002 artic
441 1945 667 2016 oecontmodontep
676 1946 791 2000 animem
805 1961 893 2016 ruam,
947 1942 1024 2014 pitteo
1037 1943 1173 1998 uindicem
1183 1944 1211 1998 in
1223 1945 1403 2000 exterminium
1416 1945 1520 2016 impiet.

93 2029 116 2076 et
131 2021 353 2092 connumeratum
367 2019 423 2092 depe
437 2017 577 2074 ditissimi.
982 2013 1018 2070 bn
1033 2013 1165 2070 ntandotic
1176 2016 1241 2089 'ejue
1265 2016 1451 2088 epulabuntur,
1475 2026 1499 2072 et
1514 2035 1593 2093 nuper
1608 2025 1744 2080 terremini

365 2129 481 2190 CAPUT
503 2129 629 2188 mm
946 2087 1363 2213 npcetetitotptpeppuporobumur,
1372 2097 1395 2143 ει
1409 2089 1437 2144 in
1450 2093 1611 2160 temporibus
1622 2096 1677 2150 cuir
1691 2111 1743 2153 non

98 2297 104 2308 ι
128 2221 297 2294 Sapientiam
311 2223 425 2308 omnium
435 2223 604 2296 ontipuorum
614 2221 730 2296 exquiret
741 2221 859 2296 capient,
871 2231 896 2279 et
945 2173 1128 2302 Ἠιεἐἱεῖειειιῖεεεε
1141 2175 1269 2286 obminitio
1284 2231 1453 2300 confirmetur
1462 2247 1534 2305 eom,
1551 2243 1575 2292 ot
1589 2236 1744 2296 comitiatus

95 2295 270 2368 mpropbetic
283 2294 397 2380 oocabrt.
498 2367 505 2380 .
784 2368 790 2380 ι
870 2367 877 2380 0
945 2315 1015 2365 turn,
1028 2309 1053 2357 et
1067 2302 1190 2374 copitooi‚
1201 2311 1227 2357 et
1239 2303 1337 2372 tcripto
1347 2302 1446 2358 dimisi.
1505 2363 1508 2377 ,
1601 2369 1605 2380 Ι

127 2365 321 2452 Narrationem
334 2383 420 2422 rerum
433 2375 632 2452 nominatorum·
641 2367 812 2438 concertabat,
829 2373 855 2422 rt
866 2383 895 2422 m
983 2371 1080 2456 omnio
1091 2389 1170 2458 opera
1188 2371 1297 2430 Domini
1309 2371 1387 2446 berto,
1401 2385 1425 2431 et
1443 2393 1518 2433 omno
1536 2394 1600 2451 opor
1614 2379 1680 2438 bore
1695 2395 1743 2440 reto

95 2439 661 2584 thtetzistampmmmwmtwin
674 2508 835 2569 abtconditit
846 2525 895 2582 po·
945 2443 1197 2573 “wssgagg'm
1211 2531 1221 2572 .·
1237 2515 1294 2572 iiec
1306 2518 1354 2574 itio
1374 2483 1482 2592 nequior
1492 2530 1529 2577 εει
1545 2537 1554 2578 .·
1570 2524 1657 2579 orrerrin
1674 2525 1745 2582 enim

94 2582 247 2638 rubetarum
256 2583 464 2639 enumerabitur.
511 2653 548 2668 ..
623 2655 630 2668 ·
713 2654 720 2666 α
944 2584 1100 2658 intempore
1113 2603 1162 2644 etto
1180 2588 1429 2660 comprobabuntur.

127 2652 163 2708 in
177 2655 266 2710 needio
279 2663 465 2727 mapnetortrm
482 2655 652 2726 mtnntrebrt,
667 2662 692 2710 ει
709 2671 738 2710 en
752 2661 894 2725 compecto
982 2657 1019 2712 iit
1033 2675 1102 2716 nunc
1116 2661 1144 2716 in
1157 2661 1227 2715 omm'
1240 2661 1318 2717 corde
1332 2671 1356 2718 et
1371 2677 1414 2720 ore
1427 2661 1586 2736 cutientem,
1604 2677 1627 2724 ct
1641 2665 1746 2726 benedi·

94 2726 216 2799 procidit
228 2728 377 2800 apperebit.
944 2729 995 2788 cite
1006 2743 1099 2790 nomen
1116 2729 1233 2789 Domini.

131 2797 165 2852 ire
182 2807 281 2853 terrem
292 2796 501 2870 atienipenorum
512 2797 627 2870 pontium
637 2797 794 2870 pertromiet
809 2796 896 2855 :bena

95 2870 161 2926 εεὶοε
175 2878 201 2925 ει
214 2868 288 2924 meio
300 2869 328 2925 in
344 2869 491 2925 nominituo
506 2869 624 2924 tentabit.
1249 2853 1366 2916 CAPUT
1382 2852 1439 2916 XL·

129 2939 181 2996 Cor
200 2957 281 2996 cunm
294 2939 379 2996 tradet
392 2941 428 2996 od
442 2939 606 3014 ripiiandum
618 2939 737 2996 diluente
751 2940 786 2996 dd
801 2940 895 2998 Domi·
1061 2993 1065 3002 ,

95 3014 234 3140 armni
248 3013 398 3085 [trititiam
412 3025 422 3068 .·
436 3015 500 3068 etin
514 3020 654 3086 corupectu
665 3012 795 3069 nitierimi
804 3016 896 3086 depre·
948 3085 974 3139 'u
986 3011 1132 3140 (ἐπιμιξία
1149 3027 1247 3141 opponet?
1258 3021 1401 3155 ἓῖεοιολείει
1416 3016 1534 3143 οεεειιιιειε
1547 3017 1704 3146 bor'nini‘pue,
1720 3031 1746 3079 et

197 3127 205 3138 ,
1078 3103 1090 3140 r
1108 3103 1137 3140 ee
1290 3103 1328 3142 tor
1385 3103 1467 3154 om,a
1500 3105 1523 3144 ee
1541 3106 1581 3146 ene
1596 3107 1625 3147 ue
1659 3109 1746 3150 eoen-

130 3156 237 3284 Apzriet
249 3172 280 3213 ot
294 3171 371 3213 tuum
384 3155 411 3212 in
423 3154 552 3226 oratione,
563 3164 588 3211 et
600 3171 650 3230 pro
663 3155 766 3213 detictir
780 3157 837 3214 tuit
850 3156 896 3214 de·
939 3103 1090 3242 5treqneutrgc
1101 3103 1296 3230 eorumrttroue
1309 3158 1338 3214 in
1350 3158 1419 3214 diem
1429 3162 1582 3233 tepuitura,
1589 3164 1616 3218 in
1633 3173 1743 3224 matrem

125 3243 169 3284 eea
188 3238 253 3285 etur.
946 3244 1075 3286 omnium.
1793 3281 1798 3290 ,

96 3245 161 3356 WSi
174 3301 246 3356 enim
262 3299 391 3356 Dominae
410 3313 521 3375 mapnnt
539 3298 663 3371 notuerit,
679 3299 773 3374 spiritu
792 3298 930 3364 intelli-C
981 3298 1160 3372 Copitatiottee
1178 3315 1279 3368 corum,
1297 3309 1322 3358 ει
1344 3303 1448 3360 timeret
1473 3303 1578 3375 cordio,
1596 3307 1747 3367 adinventio

96 3374 189 3444 peucine
198 3372 310 3445 replebit
322 3369 398 3428 iiiam
411 3386 422 3428 .·
946 3372 1190 3444 entpectotionie,et
1202 3371 1257 3429 dien
1268 3372 1404 3442 finitionis.

129 3442 165 3498 Et
187 3445 247 3517 ipre
269 3453 401 3513 nmquam
423 3441 518 3501 imbreo
538 3443 622 3499 mittet
639 3442 743 3514 eloquio
757 3443 895 3516 rapientia
984 3444 1151 3500 Arenidente
1163 3459 1240 3514 rupee·
1252 3443 1339 3501 rodem
1349 3445 1504 3519 piorioeam,
1522 3452 1649 3523 nequead
1662 3453 1748 3511 inomi-

97 3531 161 3580 mae,
176 3525 201 3571 et
216 3515 246 3571 in
256 3515 376 3572 oratione
389 3515 554 3586 coeefitebitur
568 3511 683 3570 Domino
698 3528 709 3570 .·
947 3514 1039 3570 iiaturn
1050 3516 1078 3571 in
1087 3526 1158 3571 terra
1168 3525 1193 3570 et
1203 3517 1298 3572 cinere.

131 3587 165 3643 tit
174 3587 231 3672 ipae
241 3587 339 3660 dir-ieet
348 3586 485 3644 comitium
495 3590 562 3663 ejece,
576 3594 602 3642 ει
613 3586 789 3660 direipiinom,
800 3596 825 3645 et
834 3586 895 3644 obe·
982 3587 1022 3642 db
1032 3602 1072 3658 eo,
1086 3587 1131 3659 qui
1141 3586 1223 3641 utitur
1232 3586 1383 3659 bpoeintbo,
1391 3599 1415 3646 ct
1428 3600 1653 3666 porteteoeenam,
1664 3612 1747 3670 ucqnc

96 3660 206 3716 conditu
215 3661 273 3714 cuit
285 3657 477 3714 conciliabitur.
946 3658 982 3714 ad
996 3674 1074 3724 eum,
1095 3657 1140 3728 qui
1154 3659 1268 3730 operitur
1291 3660 1345 3714 tino
1367 3661 1473 3718 crudo:
1496 3661 1582 3733 saror,
1596 3667 1685 3736 uetur,
1707 3679 1750 3724 tu·

130 3729 193 3802 ipre
211 3730 305 3804 potam
320 3730 398 3802 societ
415 3728 582 3802 disciptinom
600 3728 727 3786 doctrina
745 3743 810 3799 cute,
823 3740 849 3788 et
866 3730 897 3787 in
946 3729 1059 3797 rnuitttt,
1071 3729 1221 3801 fluctuatio,
1235 3737 1260 3785 et
1273 3731 1349 3786 timor
1362 3733 1462 3802 ntortt'r,
1476 3735 1613 3791 iracundia
1623 3753 1746 3810 perreue-

98 3801 151 3876 iepe
161 3803 313 3859 tentamenti
326 3800 431 3858 Domini
439 3801 608 3872 pioriabitur.
947 3818 1025 3870 rorte,
1043 3810 1067 3856 et
1082 3801 1222 3856 contentio.

129 3872 327 3930 Gottaadabunt
339 3872 581 3946 meitirapientiom
593 3873 663 3945 ejtu,
675 3881 699 3929 et
711 3873 835 3946 ueeuein
847 3890 898 3932 tu·
984 3871 1019 3928 iit
1036 3873 1064 3928 in
1085 3879 1198 3942 tempere
1218 3873 1365 3958 refectionis
1389 3875 1417 3934 in
1437 3873 1517 3932 cubili
1538 3892 1645 3936 contnuo
1665 3883 1748 3941 nectit

98 3943 188 4002 enitent
199 3962 256 4001 nort
269 3944 409 4002 debebitur.
947 3944 1067 4000 immutat
1080 3944 1213 4000 erientiam
1227 3959 1294 4016 epac.

131 4015 196 4073 iton
206 4016 311 4074 recedet
323 4017 453 4072 memoria
462 4017 530 4090 ep'uc,
544 4023 569 4072 tt
580 4030 673 4072 nomen
685 4018 741 4090 ejur
751 4017 897 4091 reperiretur
984 4015 1118 4072 liuditum
1129 4023 1262 4087 tampuotn
1274 4015 1340 4075 ninii
1349 4015 1377 4074 in
1390 4017 1497 4092 requie,
1513 4026 1537 4075 et
1549 4021 1581 4076 ab
1595 4037 1624 4078 eo
1637 4023 1664 4080 in
1675 4039 1745 4082 tom·

96 4104 112 4143 n
124 4090 298 4162 peroratione
308 4091 339 4144 in
351 4091 554 4162 penerationem.
948 4087 1005 4154 nie,
1026 4088 1101 4159 quari
1112 4087 1139 4142 in
1153 4087 1195 4142 die
1208 4098 1348 4159 retpectun.

132 4159 299 4233 Sapientiam
313 4162 372 4234 ejur
388 4161 547 4216 enarrabunt
564 4168 661 4234 penten,
675 4167 699 4216 ει
721 4159 826 4217 teudem
840 4165 897 4237 ejus
984 4159 1160 4216 Conturbatue
1170 4167 1207 4215 ert
1220 4163 1247 4214 tn
1259 4161 1314 4216 oiru
1327 4161 1412 4218 cordia
1425 4161 1477 4230 rui,
1489 4171 1620 4235 tamquam
1631 4169 1676 4237 nui
1686 4185 1747 4224 eoo·

98 4234 242 4289 enuntiabit
256 4233 378 4289 ecetesia.
947 4229 1049 4287 ceritin
1060 4230 1102 4288 die
1114 4229 1184 4285 betti.
1199 4229 1233 4285 in
1246 4239 1358 4300 tempore
1370 4233 1464 4291 eotutit
1479 4250 1533 4292 tneo
1545 4241 1709 4308 exsurrexit,
1723 4249 1748 4297 et

131 4304 164 4362 Si
178 4303 364 4375 permunient,
377 4301 636 4375 nomcnderetinpuct
646 4303 706 4372 pter
715 4319 793 4378 apuam
805 4304 898 4363 mitte:
948 4301 1084 4359 admirarer
1096 4302 1131 4357 ad
1144 4302 1247 4358 nubtum
1263 4303 1389 4360 timorem.

99 4383 122 4428 et
134 4378 160 4431 ei
172 4375 342 4450 repnieoerit,
387 4375 472 4432 oderit
485 4375 536 4432 iiii.
984 4374 1050 4431 Cum
1062 4374 1230 4441 amnicum,
1243 4374 1387 4433 obtenere
1398 4381 1522 4451 usquead
1536 4396 1625 4452 perun,
1635 4391 1659 4438 et
1669 4400 1747 4457 cuper

131 4448 229 4504 Adbuc
240 4447 352 4505 comitio
374 4448 424 4504 'tur
436 4455 466 4503 ot
480 4461 597 4506 enarrent
609 4460 619 4503 .·
629 4454 658 4502 nt
672 4445 760 4519 surore
772 4448 843 4506 enim
856 4465 897 4507 re·
948 4457 1095 4520 percuteret
1108 4446 1265 4518 septupium.

95 4516 181 4588 ptetne
194 4536 265 4576 rum.
821 4542 825 4547 ’
984 4519 1026 4574 nt
1035 4517 1090 4574 brec
1104 4535 1184 4584 onore,
1198 4519 1322 4591 conpote,
1336 4524 1485 4590 contentio,
1500 4532 1524 4580 ει
1540 4523 1683 4597 rompheae,
1697 4543 1746 4598 op·

130 4589 165 4646 bn
180 4608 244 4648 rore
262 4590 330 4647 dicit
341 4605 351 4648 .·
363 4590 492 4648 Dboadite
501 4605 552 4656 me,
565 4591 646 4647 dinini
658 4591 770 4662 fructur,
783 4600 808 4648 et
820 4593 897 4667 quoti
949 4591 1112 4663 pensiones,
1129 4596 1227 4662 sorenes,
1244 4599 1267 4644 et
1282 4593 1418 4658 contritio,
1433 4603 1457 4649 et
1470 4595 1586 4668 dapeitu.

95 4676 156 4718 roco
170 4665 296 4738 piontota
305 4679 386 4734 cuper
399 4665 469 4718 riooe
481 4679 607 4733 aerearum
621 4665 788 4735 fructificate.
909 4700 938 4765 D
984 4661 1073 4732 Super
1089 4662 1191 4733 iniquos
1210 4669 1297 4716 creato
1321 4673 1379 4718 cunt
1398 4662 1454 4720 boec
1475 4667 1580 4732 omnio,
1601 4673 1625 4722 et
1640 4675 1746 4740 propter

129 4735 218 4802 Quart
229 4733 348 4791 Libonue
358 4735 465 4792 odorem
473 4734 607 4790 manitotir
618 4734 715 4790 trebete.
948 4734 1010 4790 iiior
1025 4733 1109 4802 iactat
1122 4739 1160 4788 εει
1172 4731 1353 4803 cotactpsmut.

128 4805 254 4876 b'torete,
263 4807 355 4878 derce,
365 4807 441 4880 proci
454 4806 549 4874 titium,
558 4805 651 4861 etdate
661 4807 776 4873 odorem,
788 4817 814 4863 et
824 4808 897 4879 fron·
988 4805 1105 4872 Ontonia,
1125 4818 1183 4872 oure
1199 4801 1232 4858 de
1245 4811 1313 4859 terre
1324 4814 1394 4873 runt,
1406 4807 1434 4862 in
1448 4816 1542 4866 terram
1556 4816 1746 4880 eottocrtcrttur,

95 4876 154 4933 dete
174 4879 208 4934 in
221 4879 346 4952 pretium,
361 4889 385 4935 et
398 4878 546 4934 cetiatrdote
558 4878 698 4946 coroticum,
712 4889 736 4933 et
757 4878 897 4936 benedicite
949 4887 974 4933 et
984 4891 1072 4933 oneum
1085 4891 1160 4950 equa
1169 4875 1196 4930 in
1210 4891 1281 4932 ntare
1290 4887 1458 4934 reuertentur.

92 4945 243 5005 Dominum
251 4951 282 5006 itt
297 4951 419 5020 operitur
432 4948 498 5005 trie.
744 4968 748 4979 ¹
988 4948 1071 5005 Dmne
1080 4963 1194 5015 monuo,
1210 4954 1234 5001 et
1248 4947 1374 5022 iniquiter
1388 4949 1526 5021 debebitur,
1541 4963 1567 5011 ει
1581 4955 1645 5027 pidet
1655 4958 1682 5013 in
1694 4973 1747 5016 tte·

127 5019 202 5078 Date
215 5021 318 5078 nornini
331 5025 388 5091 eiuo
401 5019 631 5094 ntopnificentiam,
647 5029 673 5077 et
682 5021 840 5093 confitemini
855 5021 897 5078 iiii
949 5020 1038 5078 cuium
1048 5018 1134 5076 rtobit.

92 5092 120 5146 in
131 5109 198 5150 noce
211 5093 343 5150 dubiorum
355 5102 509 5160 oeetrorttm,
523 5100 547 5146 et
559 5093 587 5146 in
599 5093 706 5150 conticit
719 5095 860 5166 dubiorum,
871 5102 896 5151 et
987 5093 1146 5149 Subatotttiu
1160 5094 1315 5164 iniustorum
1328 5093 1397 5150 cicut
1415 5095 1510 5168 durinc
1528 5096 1705 5168 eiccobuntur,
1723 5109 1750 5158 ot

93 5164 221 5234 cititarie,
231 5175 257 5220 ει
268 5165 307 5221 nic
317 5164 409 5223 dicetis
418 5166 446 5220 in
460 5163 623 5231 consentione
637 5179 647 5218 .·
949 5166 1017 5222 eicut
1032 5166 1174 5220 tonitruum
1185 5182 1304 5238 mopnum
1318 5166 1345 5222 in
1358 5165 1444 5236 etanta
1457 5169 1640 5236 personabunt.

129 5233 228 5310 Opera
239 5237 348 5293 Domini
365 5239 485 5294 uniberto
498 5235 566 5289 bono
579 5234 665 5292 ratde.
720 5280 726 5287 .
986 5235 1022 5292 bn
1035 5237 1174 5311 operiendo
1185 5253 1279 5294 manue
1298 5253 1358 5293 suen
1372 5236 1502 5294 tutabitur
1519 5255 1529 5294 .·
1543 5239 1581 5297 tic
1590 5245 1748 5314 prevarica-

126 5306 164 5365 In
180 5309 263 5366 uerbo
275 5311 334 5365 εὀε
352 5310 423 5365 ctetit
436 5323 506 5380 aqna
522 5307 590 5361 tieret
602 5308 735 5381 conperiat
746 5318 791 5367 :et
804 5309 895 5366 irteer·
951 5316 1021 5365 toret
1031 5309 1059 5364 in
1070 5311 1286 5366 conrummntione
1296 5307 1433 5365 tabescent.

92 5395 171 5436 mone
186 5381 246 5437 orie
260 5329 334 5437 itl'ue
347 5383 414 5436 cieret
425 5377 571 5464 receptoria
582 5393 717 5449 morum.
988 5378 1105 5454 Nepetee
1115 5381 1150 5436 int
1172 5381 1253 5436 'orum
1267 5396 1318 5436 non
1327 5377 1537 5452 muitipiieobunt
1549 5398 1655 5456 remon,
1670 5399 1694 5444 et
1707 5405 1752 5446 ro·

127 5453 271 5522 Quoniam
292 5453 320 5508 in
341 5464 470 5526 praecepto
483 5449 568 5522 optino
587 5448 678 5523 piocor
699 5452 740 5524 fit,
751 5460 776 5508 et
800 5461 900 5511 nonest
953 5450 1023 5509 dicer
1037 5455 1135 5508 immun
1155 5467 1264 5523 ‹eruper
1273 5465 1395 5506 cacumen
1409 5457 1489 5524 petru
1499 5465 1603 5511 teneret.

91 5524 245 5580 minoratio
256 5525 285 5579 in
296 5525 381 5582 eotute
394 5525 488 5599 ipriuc.
991 5523 1077 5597 Super
1090 5537 1192 5580 omnem
1204 5538 1297 5593 aquam
1311 5521 1447 5592 vinditat,
1463 5533 1486 5582 et
1500 5526 1534 5582 od
1550 5537 1625 5584 orarn
1633 5530 1752 5602 punierit

127 5595 326 5668 Dperuomnie
341 5601 427 5653 cornio
441 5613 531 5653 cerem
544 5601 603 5667 ttte,
610 5601 634 5649 ει
644 5611 698 5652 non
708 5604 747 5652 ert
758 5596 900 5669 quidquam
954 5604 1015 5652 ante
1028 5608 1103 5649 omne
1114 5597 1206 5667 senum
1215 5593 1347 5650 ercidetur.

92 5667 285 5724 absconditum
300 5667 333 5722 ab
347 5670 430 5726 ocutic
441 5672 509 5745 ejus.
989 5663 1083 5722 Gratia
1093 5665 1161 5720 ciout
1173 5665 1312 5738 porodimr
1325 5665 1354 5721 in
1369 5663 1611 5744 benedictionibuc,
1633 5682 1659 5731 ει
1673 5674 1752 5732 mire·

126 5739 271 5797 Acoecotio
291 5755 370 5812 aeque
384 5742 413 5796 in
422 5739 549 5802 cacatum
559 5742 676 5818 reepicit,
692 5749 716 5798 ct
726 5740 793 5797 nibeii
807 5750 843 5796 ert
855 5738 905 5797 mi·
954 5735 1071 5796 ricordio
1083 5737 1247 5818 introeutem
1258 5745 1402 5806 permanet.
1432 5783 1434 5792 .

93 5811 179 5869 rabide
190 5812 225 5868 ire
243 5821 383 5884 compecto
396 5816 463 5888 ejun
994 5807 1113 5866 Vitoeibt
1126 5799 1283 5879 ensicibntie
1293 5809 1406 5874 operarii
1419 5812 1615 5874 condulcabitur
1625 5815 1679 5891 [Al.
1690 5833 1754 5874 con-

128 5885 198 5941 bion
222 5892 265 5938 εει
279 5882 364 5939 dicere
379 5899 391 5939 .·
409 5884 480 5953 Quid
492 5895 530 5944 ert
543 5886 605 5958 boc,
620 5893 666 5944 ant
679 5885 742 5957 qnid
756 5892 795 5942 εει
809 5882 907 5944 ittudi
957 5878 1128 5952 calcabiturl,
1144 5889 1168 5934 et
1182 5881 1209 5935 ia
1225 5895 1255 5935 eo
1268 5881 1380 5938 inueniet
1395 5886 1556 5942 ttteeourum.

94 5957 186 6016 omnio
199 5955 315 6015 enimin
334 5962 449 6028 tempore
459 5975 508 6016 eno
521 5968 678 6031 quaeremur.
994 5951 1020 6012 F
1021 5952 1059 6012 iiii
1071 5993 1079 6028 ,
1095 5961 1120 6010 tt
1138 5951 1277 6030 edificentia
1290 5953 1403 6016 cinitotie
1414 5957 1576 6028 confirmabit
1588 5957 1644 6036 [bl.
1660 5959 1757 6034 conpit-

250 6046 390 6113 Pmnea.
416 6047 542 6125 xxix.
1469 6049 1509 6114 tn
1760 6043 1767 6062 ¹
