4017 6334
72 383 117 446 sti
579 381 809 444 truncentur
829 382 1016 444 SECUNDUM
1036 384 1164 445 tuctu.
1658 385 1712 448 stt

73 508 136 565 sunt,
146 512 242 554 rernm
257 513 265 552 ε
280 497 352 556 sieut
372 495 543 555 trediderunt
557 497 649 566 nobis,
664 500 710 572 qui
736 500 772 557 rb
786 499 864 556 initio
875 506 905 568 Α
916 498 1001 556 mum
1014 518 1023 558 s
1036 501 1171 558 etmissus
1186 512 1246 556 sum
1260 497 1335 571 loqui
1347 498 1381 556 ad
1396 507 1435 570 te,
1449 507 1477 556 et
1491 499 1550 556 bueo
1565 499 1613 558 tibl
1629 513 1714 560 esun-

74 593 117 664 ipsi
129 589 268 661 viderunt,
281 596 310 646 ιι
331 590 447 648 ministri
462 590 572 648 luerunt
593 589 748 650 sermonis:
774 591 865 650 rbem
915 593 1045 666 gelisare.
1059 593 1093 650 Et
1103 606 1170 651 eece
1184 591 1243 650 eris
1259 601 1362 664 treem,
1382 601 1411 650 et
1425 605 1480 648 non
1505 591 1608 664 poteris
1630 593 1716 666 loqui,

75 684 196 752 etmihi,
212 694 342 742 assecuto
358 695 371 725 ⁸
390 685 484 744 omtria
510 701 526 742 a
546 685 683 759 principio
710 686 867 760 diligenter,
918 685 1045 757 usquein
1062 685 1134 742 diem
1147 700 1202 757 quo
1214 683 1272 742 baec
1288 683 1364 756 liant,
1381 699 1433 757 pro
1447 683 1566 757 eoquod
1591 701 1645 742 nou
1660 699 1721 744 cre·

75 777 211 836 erordine
227 779 418 851 tibiscribere,
430 781 533 852 optime
547 780 711 852 Tbeopbile,
728 792 756 840 ur
767 798 868 856 cogno-
917 777 1013 836 didisti
1029 778 1121 835 serbis
1139 777 1219 846 meis,
1247 793 1309 848 uttae
1336 777 1525 850 implebuntur
1545 778 1572 835 in
1595 787 1721 852 tempore

75 887 128 932 reas
139 887 237 930 eoru·
247 872 404 944 verborum,
419 874 455 930 de
468 873 568 946 quibus
578 873 703 932 eruditus
713 889 756 944 es,
769 875 868 932 uerita·
918 872 1019 928 sumtis
1032 878 1093 928 erut
1107 871 1185 944 plebs
1195 869 1573 942 exspectanszacbarlamset
1586 871 1722 930 miraban-

77 975 134 1024 ten.
150 963 213 1022 i'uit
242 967 270 1022 in
288 965 384 1024 diebus
401 965 529 1038 Herodis,
544 969 618 1040 regis
638 967 750 1039 Judmre,
777 983 868 1025 sacer·
920 964 1048 1036 turquod
1062 963 1185 1022 tardaret
1200 965 1260 1035 ipse
1287 964 1314 1020 iu
1336 964 1448 1036 templo.
1477 963 1610 1036 Egressus
1633 975 1724 1022 erstem

76 1057 241 1131 dosquidsut
269 1059 383 1116 nomine
408 1058 568 1130 Zacharias,
590 1059 626 1117 de
651 1061 711 1118 uice
738 1060 817 1127 Abia,
843 1067 872 1118 et
920 1071 976 1113 non
991 1056 1187 1130 poterutlnqui
1202 1055 1318 1126 editius,
1339 1067 1368 1114 ιι
1382 1066 1571 1130 cognorerunt
1594 1057 1667 1132 guod
1682 1059 1725 1114 ri·

78 1167 137 1208 uxor
151 1151 227 1208 illius
246 1149 280 1208 de
303 1151 412 1209 dilabus
426 1151 530 1218 Aaron,
545 1161 574 1208 et
588 1167 687 1210 uorueu
708 1153 768 1226 ejus
784 1154 873 1211 Eliza-
922 1151 1027 1208 sionem
1042 1151 1156 1209 uidisset
1167 1152 1194 1206 in
1209 1152 1322 1224 templo.
1337 1152 1372 1208 Et
1385 1153 1443 1225 lpse
1458 1161 1517 1210 erut
1530 1152 1724 1222 innuensillis,

76 1243 143 1302 berb.
160 1243 245 1300 Erant
257 1253 348 1300 auteur
361 1241 428 1312 justi
442 1243 523 1301 ambo
537 1254 602 1300 astte
628 1246 727 1315 Deum,
741 1246 871 1304 inccdsn·
922 1255 951 1303 ct
964 1247 1117 1320 permansit
1134 1257 1236 1304 mutus.
1251 1245 1287 1303 lit
1301 1245 1403 1303 lactum
1417 1255 1471 1316 est,
1487 1257 1515 1304 ιιι
1536 1246 1639 1319 impleti
1663 1254 1727 1302 sunt

77 1335 148 1392 tosio
162 1336 293 1392 omnibus
307 1334 481 1392 mandatiset
500 1336 742 1408 justificationibus
765 1337 873 1395 Domini
923 1342 983 1400 dies
997 1341 1164 1414 olllciiejus,
1179 1343 1249 1401 abiit
1273 1343 1299 1398 in
1324 1343 1434 1400 domum
1458 1357 1559 1400 suanir
1586 1349 1647 1414 post
1675 1340 1726 1397 bos

77 1432 129 1490 sine
140 1430 270 1502 querela,
280 1437 309 1486 et
323 1445 378 1486 non
392 1439 455 1487 erat
475 1428 531 1486 illis
545 1430 630 1498 lilius,
646 1446 681 1487 eo
703 1431 777 1502 quod
798 1441 874 1488 esset
924 1447 1018 1493 eutem
1034 1435 1094 1494 dics
1104 1437 1231 1510 concepit
1242 1435 1382 1493 Elisabeth
1393 1451 1465 1492 uxor
1477 1436 1546 1507 ejus,
1563 1445 1590 1492 et
1606 1435 1727 1491 occultu·
1821 1480 1827 1491 .

81 1521 218 1580 struunt
231 1523 347 1590 sterilis,
366 1532 396 1581 et
420 1522 502 1580 umbo
524 1525 724 1596 processissent
737 1524 765 1580 iu
779 1523 876 1581 diebus
928 1531 973 1587 bas
998 1546 1029 1588 se
1050 1532 1191 1588 mensibus
1213 1531 1344 1602 quinque,
1369 1530 1486 1587 dicens:
1506 1528 1573 1598 Quia
1600 1529 1639 1586 sic
1663 1527 1729 1585 lecit

83 1619 140 1676 suis.
164 1617 280 1676 Fretum
294 1627 339 1676 est
354 1627 457 1685 autem,
473 1633 536 1675 curu
551 1617 706 1675 sacerdotio
719 1617 877 1691 iungeretur
926 1624 992 1680 mihi
1015 1625 1146 1682 Dominus
1165 1623 1193 1680 in
1221 1623 1329 1691 diebus,
1355 1625 1455 1696 quibus
1476 1623 1595 1694 respexit
1620 1623 1729 1681 auterre

79 1712 124 1770 iiu
137 1713 238 1770 ordine
247 1713 317 1770 sicis
326 1728 385 1770 suae
398 1722 462 1769 ante
469 1713 567 1781 Deum,
578 1712 728 1771 secundum
735 1721 879 1770 consuetu·
931 1717 1108 1790 opprobrium
1123 1731 1211 1774 rusum
1227 1717 1298 1774 inter
1310 1717 1444 1773 homines.
1459 1717 1501 1791 [n,
1516 1713 1577 1789 ild
1591 1716 1620 1773 ln
1631 1729 1727 1774 mense

80 1805 161 1864 dinem
171 1804 330 1876 sarudotii,
342 1814 418 1862 sorte
428 1805 495 1862 exiit
507 1805 687 1862 utiucensum
700 1815 824 1874 poneret,
837 1806 879 1860 ln·
928 1820 1020 1868 eutem
1036 1819 1115 1868 sexto
1126 1813 1226 1868 missus
1243 1819 1286 1868 est
1308 1812 1420 1883 angelus
1446 1811 1554 1870 Gabriel
1576 1827 1591 1867 a
1619 1812 1677 1869 Deo
1701 1812 1728 1868 ln

82 1915 183 1972 greum
196 1900 224 1955 in
239 1899 370 1971 templum
382 1897 490 1954 Domini
503 1914 511 1953 ι
524 1907 553 1954 ct
565 1898 655 1955 omnis
670 1897 815 1955 multitudo
829 1912 878 1970 pt)-
891 1907 917 1970 Β
930 1907 1067 1964 civitatem
1081 1905 1209 1972 Gallinae,
1222 1905 1267 1964 cui
1279 1919 1377 1962 nornen
1390 1906 1534 1973 Nazareth,
1549 1905 1583 1963 ad
1596 1905 1730 1978 virginem

83 1993 133 2066 puli
142 2001 203 2050 erat
214 2006 298 2049 orans
310 1991 377 2048 ioris
388 1990 454 2048 bora
468 1991 583 2048 incensi.
595 1992 729 2062 Apparuit
737 2000 828 2046 autern
838 1989 877 2046 illi
931 1999 1126 2072 (responsurum
1135 2002 1195 2056 viro
1209 1999 1253 2058 cui
1265 2013 1364 2056 numen
1377 2008 1436 2055 erat
1448 1998 1561 2070 loseph,
1590 1999 1625 2055 de
1648 1999 1732 2056 dome

85 2086 188 2158 augelus
197 2084 318 2152 Domini,
328 2094 404 2141 etarrs
415 2101 430 2138 a
441 2083 650 2142 dextrisaltaris
663 2084 777 2142 incensi.
786 2081 881 2140 litze-
932 2091 1034 2158 David,
1044 2099 1073 2149 et
1087 2106 1186 2147 nomen
1202 2091 1316 2163 uirginis
1328 2091 1423 2149 bieria.
1436 2092 1489 2165 litt,
1505 2089 1562 2164 lb]
1575 2091 1611 2148 Et
1623 2093 1732 2163 ingres.

83 2178 177 2237 cirriss
188 2178 316 2236 turbotus
327 2189 370 2236 ost
381 2177 489 2248 ridens,
499 2174 701 2234 ctumorirruit
711 2191 795 2247 turer
806 2191 878 2233 eum.
931 2196 981 2240 sus
992 2183 1106 2256 angelus
1116 2181 1151 2238 ati
1164 2197 1225 2241 eant
1241 2181 1310 2240 dixit
1322 2201 1329 2239 ι
1343 2184 1411 2251 Αιι,
1423 2183 1510 2256 gretie
1524 2182 1603 2255 plena
1619 2201 1626 2237 ι
1640 2185 1733 2242 Domi·

85 2276 122 2330 tit
133 2283 228 2332 tutem
244 2273 278 2330 ad
291 2274 369 2330 illurn
388 2273 509 2344 sugerus
524 2292 529 2325 :
546 2273 586 2330 lle
598 2274 710 2342 timeas,
736 2270 879 2341 zachario,
933 2287 1085 2335 nustecum
1101 2297 1108 2334 ι
1125 2277 1272 2336 Benedicta
1291 2288 1318 2334 tu
1332 2277 1359 2334 iu
1380 2277 1555 2336 mulieribus.
1580 2277 1646 2347 Dure
1671 2292 1734 2336 curn

85 2369 203 2439 guonem
223 2367 351 2426 exaudita
371 2376 415 2424 cst
432 2365 591 2438 deprecatio
610 2375 656 2422 tna
679 2384 686 2420 ε
711 2374 739 2422 et
753 2379 824 2420 uxot·
837 2372 882 2420 lus
933 2371 1068 2438 audieret,
1082 2371 1189 2429 turbata
1199 2379 1243 2428 est
1260 2373 1288 2428 in
1303 2387 1431 2429 sermone
1456 2373 1526 2445 eius,
1546 2383 1573 2429 et
1598 2374 1737 2446 cogitabat

87 2460 219 2518 Uindilli
235 2460 322 2533 Wlil
336 2459 384 2516 tibi
398 2459 485 2514 fllium
500 2499 510 2528 s
525 2467 554 2514 ⁰¹
573 2457 687 2514 11101ὺί8
709 2471 809 2513 ¹¹⁰ffl0¹¹
822 2459 884 2526 01⁰⁸
933 2465 1024 2538 otialis
1035 2466 1170 2523 essetista
1187 2467 1329 2524 salutatio.
1345 2467 1379 2524 Et
1390 2467 1427 2524 rit
1441 2469 1555 2542 angelus
1571 2469 1613 2524 ei:
1636 2467 1676 2524 lie
1700 2467 1736 2524 ti·

88 2552 230 2612 loannem:
255 2563 285 2610 θῑ
305 2553 359 2609 elil
379 2552 507 2625 ngdllllll
527 2551 586 2618 tibi,
613 2558 643 2605 el
668 2550 831 2618 exsultatio,
857 2556 885 2606 θῑ
935 2573 1022 2630 mm,
1039 2559 1142 2626 Magi„
1159 2559 1286 2616 {invenisti
1307 2561 1379 2616 euim
1403 2561 1518 2633 gratiam
1534 2560 1604 2630 apud
1627 2561 1734 2620 Deum:

88 2647 156 2704 multi
171 2645 358 2704 innativitate
371 2646 431 2717 eius
451 2645 627 2718 gaudebuut:
655 2645 709 2701 crit
735 2645 807 2701 cuim
828 2659 884 2699 ntu-
935 2666 1000 2708 ecce
1013 2653 1150 2722 concipies
1165 2652 1191 2708 iu
1204 2661 1294 2717 utero,
1309 2662 1338 2710 et
1351 2653 1442 2725 peries
1455 2652 1553 2722 fitium,
1576 2663 1605 2709 et
1626 2652 1737 2710 vocabis
1757 2696 1760 2704 .

88 2756 148 2812 gnus
160 2757 256 2799 coram
269 2741 441 2798 Dominozet
454 2742 549 2798 uinum
559 2751 588 2798 et
598 2739 715 2797 siceram
729 2755 783 2796 uon
797 2740 884 2811 bibet,
936 2758 1037 2802 nomen
1052 2744 1111 2816 ejus
1124 2743 1229 2802 lesum.
1244 2745 1293 2801 llic
1302 2745 1356 2801 erit
1368 2759 1492 2815 ntagnus,
1508 2753 1536 2802 et
1552 2743 1625 2802 llius
1651 2744 1737 2801 Altis·

90 2843 114 2891 ιι
126 2835 227 2908 Spiritu
239 2844 337 2894 sencio
352 2835 501 2906 replebitur
524 2835 615 2892 adbuc
640 2850 676 2891 ex
694 2843 772 2891 uteru
792 2834 887 2892 ntatris
937 2839 997 2896 sinti
1011 2838 1163 2906 uocabitur,
1180 2845 1209 2896 et
1232 2837 1308 2895 dabit
1331 2838 1370 2895 illi
1400 2837 1533 2896 Dominus
1551 2837 1625 2894 Deus
1644 2837 1737 2895 sedern

91 2945 140 2989 sua
153 2942 201 2990 :et
212 2932 317 2988 multos
328 2928 729 2988 liliorumlsraelconrertetud
741 2929 888 2986 Dutninum
939 2931 1024 2988 Dauid
1041 2933 1125 3002 patris
1152 2931 1210 3004 ejus
1224 2949 1231 2988 :
1247 2942 1275 2988 et
1295 2931 1418 3005 regnabit
1445 2931 1473 2988 in
1501 2931 1585 2989 domo
1611 2931 1696 2990 iacob
1712 2933 1739 2988 in

92 3025 169 3082 Deum
184 3027 312 3097 ipsorum
325 3042 333 3080 z
346 3035 374 3080 et
389 3023 449 3096 ipse
460 3023 669 3094 prseeedetante
684 3024 761 3080 illum
785 3023 814 3079 in
834 3024 889 3094 spi·
939 3037 1087 3094 arternum,
1100 3035 1126 3084 et
1142 3028 1219 3098 regui
1242 3027 1302 3098 ejus
1315 3041 1368 3082 non
1383 3028 1436 3083 erit
1451 3027 1522 3082 finis.
1551 3025 1627 3085 Dixit
1649 3037 1740 3082 autent

92 3120 139 3176 ritu
152 3128 180 3176 et
191 3119 297 3176 uirtute
307 3117 376 3175 Eliso
389 3134 397 3173 ι
411 3127 443 3173 ut
467 3125 610 3174 consertes
629 3117 712 3174 corda
727 3126 835 3188 patrum
862 3117 889 3171 in
940 3120 1026 3178 ilaris
1039 3119 1073 3176 atl
1088 3120 1216 3192 engelunt
1232 3119 1396 3189 :Quomodo
1406 3121 1453 3177 liet
1467 3121 1550 3188 istud,
1566 3121 1695 3193 quoniam
1705 3121 1744 3179 ri-

93 3211 202 3277 itiones
212 3222 227 3252 ⁶
241 3211 398 3268 incredulos
408 3209 444 3266 sd
453 3208 626 3282 prudentiam
635 3208 783 3281 justorum,
795 3223 890 3280 parare
942 3231 1001 3272 rum
1015 3231 1070 3272 nnn
1086 3216 1240 3286 cognoscet
1253 3217 1285 3272 Et
1306 3215 1478 3289 respondens
1491 3218 1604 3290 angelus
1616 3217 1684 3274 dixit
1693 3217 1720 3276 el
1734 3236 1742 3274 s

94 3301 201 3362 Donirm
216 3303 328 3374 blebem
353 3303 515 3374 letdecum-
543 3303 579 3360 Et
601 3302 671 3360 dixit
692 3300 927 3379 zuctrarrsspstg
944 3307 1063 3378 Spiritus
1078 3317 1190 3366 sarrctus
1205 3309 1381 3376 superveniet
1393 3309 1420 3366 in
1435 3318 1474 3381 te,
1488 3319 1516 3366 et
1528 3309 1614 3369 uirtus
1634 3309 1744 3368 bitissi·

95 3400 212 3470 angelum
227 3415 238 3454 ι
253 3396 332 3456 Uude
345 3398 398 3456 boc
410 3397 516 3454 sciam!
530 3411 582 3470 ego
595 3397 669 3452 euim
678 3411 740 3452 sum
750 3411 850 3460 surrex,
864 3403 892 3452 et
944 3401 981 3456 ml
995 3399 1170 3458 obumbrabit
1184 3400 1232 3457 tibi
1248 3401 1386 3472 :ideoque
1398 3411 1426 3458 et
1453 3401 1525 3473 quod
1547 3411 1675 3460 irascetur
1685 3413 1698 3444 ι
1708 3419 1743 3460 ex

96 3505 158 3550 uxor
172 3508 235 3550 mea
251 3493 387 3565 processit
402 3494 430 3548 tn
444 3491 542 3548 diebus
565 3491 634 3548 suis.
660 3491 695 3548 Et
720 3489 892 3562 respondens
947 3503 1118 3562 tesanctum,
1135 3492 1275 3551 uocabitur
1289 3493 1374 3552 Filius
1386 3495 1446 3552 Dei.
1469 3493 1504 3552 Et
1516 3511 1583 3554 ecce
1603 3495 1745 3556 Dlirsbetb

96 3585 200 3657 rugetur
211 3585 287 3643 dixit
296 3585 322 3642 ei
338 3601 347 3642 2
361 3583 419 3656 Ego
442 3599 503 3641 sum
530 3582 653 3649 Gabriel,
677 3583 724 3654 oui
744 3594 804 3641 asto
826 3593 893 3642 ante
947 3591 1063 3657 cognata
1075 3593 1130 3653 tue,
1140 3594 1168 3642 et
1176 3585 1238 3657 ipsa
1247 3585 1375 3658 concepit
1389 3583 1474 3644 fllium
1490 3587 1517 3643 in
1532 3597 1674 3646 senectute
1683 3601 1744 3647 sur:

99 3787 894 3942 {sitistffttittdt‘sltlls'tf‘lintistitii
946 3787 1746 3936 sitiittt“lulltullissit-‘littsubstiti:

100 3937 165 4004 euno
179 3955 213 3996 ex
230 3939 276 3993 lris
291 3935 368 3992 innui
382 3935 509 3992 uideatur
523 3931 683 4007 predictam
702 3931 897 4003 prmlattuncu·
948 3944 1020 3991 stum
1033 3943 1122 3988 nutem
1132 3942 1174 3990 est
1186 3932 1288 3990 trullum
1301 3933 1372 3989 inter
1382 3933 1428 3990 illu
1442 3949 1504 3991 esse
1517 3935 1726 3994 consensionem
1738 3953 1747 4004 ;

101 4008 150 4064 ian
164 4026 219 4066 non
231 4022 298 4065 esse
312 4008 460 4076 genstinum
473 4003 834 4128 btrcmcrsngelismogus,
851 4018 899 4059 ιιι-
949 4019 1011 4060 ιιιιιι
1031 4005 1089 4061 ltaec
1116 4004 1149 4059 sd
1178 4004 1290 4070 Christi,
1314 4004 1360 4060 illa
1385 4005 1418 4062 ad
1437 4005 1552 4062 loannis
1572 4011 1748 4077 precursoris

101 4096 172 4150 unca
184 4082 245 4138 Deo
255 4080 428 4146 inspiratam.
441 4077 522 4146 Quod
535 4074 613 4132 uelas
624 4087 666 4131 est
676 4074 761 4130 dictu.
797 4088 829 4128 us
840 4074 899 4130 broc
950 4077 1161 4145 corruentiunem
1184 4076 1346 4147 pertineant.
1363 4077 1447 4134 Error
1463 4076 1507 4134 lric
1526 4087 1579 4145 est,
1594 4093 1642 4136 sen
1658 4079 1747 4150 potius

103 4154 281 4208 restituimus
293 4151 328 4206 sd
350 4151 431 4207 iidem
445 4147 640 4219 exemplarium
657 4145 833 4204 bibliothecae
854 4162 903 4202 no-
952 4149 1098 4204 oscitantia
1118 4147 1303 4217 librariorum,
1321 4147 1368 4218 nui
1386 4163 1447 4206 curn
1467 4160 1614 4206 cernerent
1636 4151 1663 4206 in
1682 4167 1747 4220 apo·

105 4232 163 4280 strre
178 4221 512 4282 Son-Germaueusisms.
528 4234 603 4275 num.
616 4219 644 4282 1,
659 4219 704 4282 19,
716 4215 763 4274 Di.
777 4218 824 4274 llis
834 4233 902 4282 nno·
952 4219 1074 4291 graplris,
1088 4228 1117 4274 ut
1132 4229 1159 4275 et
1171 4219 1197 4274 iu
1215 4223 1400 4292 manuscripto
1413 4221 1661 4280 Suu-Gerntanensi
1672 4239 1748 4284 num.

105 4311 153 4360 oue
174 4292 355 4352 annumerari
373 4293 452 4349 luciis
467 4300 560 4362 posset
574 4291 648 4345 aliutt
669 4292 810 4361 exemplum
824 4289 900 4361 ejus·
954 4293 998 4351 18.
1016 4306 1100 4362 quern
1116 4291 1141 4346 iu
1156 4289 1208 4348 buc
1228 4302 1318 4362 parte,
1336 4300 1430 4365 utpote
1443 4294 1708 4361 emendatissimum,
1724 4307 1753 4354 et

104 4364 350 4423 turbistiotbeca
362 4365 473 4435 optimu
489 4374 561 4418 notae
576 4377 651 4418 num.
667 4361 718 4430 l8;
735 4362 764 4416 in
778 4375 833 4432 quo
848 4376 902 4415 ιιιιιι
953 4361 1053 4418 rationi
1078 4364 1196 4419 maxime
1220 4375 1448 4430 cousentaneum,
1476 4367 1572 4422 merito
1601 4368 1749 4437 sequimur,

105 4451 161 4494 cum
188 4448 255 4496 nota
280 4435 394 4508 capitoli
417 4436 512 4507 primi,
534 4449 596 4506 que
618 4433 646 4490 iu
669 4433 902 4504 consequentibus
953 4435 1119 4506 ceterisque
1129 4434 1257 4491 omnibns
1272 4437 1480 4504 anteponimus;
1496 4452 1571 4502 cunt,
1586 4439 1705 4508 inquient,
1724 4441 1750 4495 in

105 4524 237 4594 nusquam
265 4507 540 4634 ιριιιιιι,ᾱιιι13ιιιιιι
567 4513 718 4633 ιιιὼιιιιιιιιι
744 4503 902 4633 Ιιωὸιὲιιῑ
953 4506 1175 4632 ὴιιιῖιιιςιιμιιιῗ
1193 4519 1349 4631 cernefient,
1375 4508 1690 4635 h⁰ssg⁸⁰⁰⁰¹¹d¹ff¹3⁶¹⁴¹¹⁰²
1704 4525 1750 4636 ἱα-

107 4581 772 4721 itit?bitu?stiltilbbti'i
815 4619 822 4646 ’
918 4587 1248 4734 olttlb‘tttrili
1261 4594 1440 4706 turibii„
1458 4595 1555 4734 itti
1571 4596 1753 4732 „retici

140 4723 300 4782 *Pressius
313 4721 411 4780 Grreco
424 4723 510 4776 nostri
529 4736 595 4777 uus.
610 4730 729 4776 omento
746 4738 764 4777 tr
782 4721 867 4793 princ·
897 4738 913 4776 o
962 4737 1056 4776 ιιιιιιιιι
1069 4728 1107 4776 ιιι
1121 4721 1230 4790 angetur
1244 4719 1360 4788 Gabriel,
1376 4729 1443 4786 etc..
1459 4724 1504 4776 ubt
1518 4722 1606 4794 engeis
1620 4721 1755 4780 Gabriells

110 4790 604 4863 emtususttgemerscrece'eitt·
616 4793 834 4870 κᾴμιιιιαριικιλ
899 4822 911 4835 ·
964 4792 1068 4849 ιιιιιιιὶο
1089 4791 1129 4852 tit.
1150 4800 1180 4847 ιιι
1197 4792 1263 4848 etin
1279 4793 1326 4849 illo
1346 4793 1477 4850 alioloco
1497 4807 1592 4851 uersus
1610 4793 1655 4862 19,
1672 4808 1754 4864 supro

109 4868 158 4925 se'rt
173 4866 271 4926 ἄνωθεν
283 4871 367 4923 πᾶσιν
381 4864 494 4943 expedite
507 4888 533 4920 κ.
548 4887 574 4921 τ.
601 4863 626 4918 i.
652 4863 788 4918 Ceterum
810 4865 913 4920 videsis
964 4864 1053 4921 relatu
1068 4882 1075 4920 :
1089 4863 1277 4932 imprudenter
1297 4866 1413 4922 alterum
1428 4881 1477 4938 pro
1488 4866 1575 4922 alteru
1588 4879 1729 4938 sumpsere
1745 4883 1753 4921 s

110 4937 240 4997 tlebooce
255 4938 397 4995 Prooemio
418 4936 604 5006 disputantem
622 4933 806 4991 ilanirnaeum
819 4937 845 4992 in
861 4936 914 4993 lin·
966 4936 1084 4992 marimo
1100 4949 1161 4990 cnm
1173 4937 1201 4990 in
1215 4935 1377 5006 quibusdam
1390 4937 1540 5000 codicibus.
1553 4945 1581 4992 ut
1595 4934 1621 4990 iu
1638 4951 1689 4993 ms.
1704 4953 1754 4993 nu-

112 5010 153 5067 lls.
965 5017 1024 5066 stro
1039 5005 1294 5064 San-Germsuensi
1307 5023 1383 5066 nrrnr.
1398 5008 1444 5075 19,
1458 5009 1510 5064 duo
1520 5009 1566 5064 llln
1581 5007 1637 5062 loca
1650 5007 1677 5064 in
1690 5009 1757 5065 dua·

145 5082 160 5122 i
175 5083 354 5141 interserunt
368 5081 413 5139 bic
435 5079 571 5136 loedorice
593 5093 694 5136 nomeu
719 5079 776 5136 duo
804 5079 915 5151 Deginre
966 5080 1018 5136 bns
1031 5079 1153 5150 ejusdem
1169 5077 1273 5151 paginae
1286 5079 1431 5144 columnis,
1443 5079 1564 5150 periente
1576 5079 1652 5150 quasi
1667 5081 1692 5135 in
1705 5095 1756 5137 uns

29 5190 30 5197 ι
113 5169 177 5211 mss.
190 5155 269 5224 unod
283 5162 313 5210 et
323 5152 419 5212 Graece
433 5150 556 5223 quasdam
567 5149 733 5218 exemplaria
747 5152 879 5208 retinent.
967 5151 1039 5210 linea
1054 5151 1106 5208 sibi
1124 5150 1241 5207 inuicem
1263 5166 1279 5206 ι
1294 5156 1407 5224 regione
1422 5149 1613 5220 respondeant.
1632 5150 1687 5208 lloc
1702 5167 1758 5210 non

29 5260 30 5265 κ
147 5226 281 5284 ‘lterum
296 5225 351 5281 duo
364 5225 476 5295 Regium
491 5237 557 5280 mss.
577 5222 752 5291 incredibiles,
768 5237 818 5295 pro
831 5225 917 5278 incre·
967 5221 1141 5280 attendenles
1156 5221 1224 5279 editi
1236 5235 1332 5278 omnes
1343 5222 1419 5292 libri,
1433 5222 1508 5278 nullo
1520 5237 1553 5277 ex
1567 5221 1612 5289 iis,
1625 5239 1759 5295 uuosprre

30 5328 31 5359 ι
113 5297 198 5364 dulor,
221 5296 383 5370 praelerunt.
967 5294 1095 5350 menibus
1109 5295 1253 5363 lustremus,
1274 5293 1356 5350 sull're
1377 5301 1441 5351 ante
1454 5293 1549 5350 codice
1563 5298 1760 5368 manuscripto,

30 5374 32 5445 j
150 5367 275 5443 dllagua
294 5369 341 5426 bic
360 5369 498 5426 dissensio
510 5376 553 5425 est
574 5365 647 5424 inter
660 5366 772 5424 codices
783 5381 845 5423 cnm
860 5381 919 5422 ntu-
969 5366 1251 5438 prusenscspitutum
1268 5309 1418 5422 secundum
1437 5366 1762 5436 incnputseuuensdis·

31 5456 32 5469 ²
116 5443 275 5510 nuscriptos
295 5451 353 5498 tunt
373 5441 474 5497 editus.
499 5437 826 5510 blanuscriptisiquidem
848 5439 918 5495 boue
970 5437 1092 5504 trabum,
1113 5436 1258 5507 versurus,
1280 5437 1315 5493 ad
1337 5443 1394 5494 baec
1410 5434 1643 5494 rerbasFuorsuts
1656 5449 1693 5497 ιιι
1714 5457 1763 5497 ust-

118 5513 204 5580 multi,
222 5513 379 5570 seeundum
398 5513 548 5580 capitulum
572 5525 655 5577 supra
669 5519 821 5582 apponunt,
836 5525 919 5567 uersu
969 5520 1031 5574 tens,
1052 5524 1111 5565 rum
1129 5519 1215 5564 essens
1229 5508 1274 5572 idi,
1292 5509 1393 5580 impteti
1407 5515 1467 5564 suast
1487 5508 1552 5577 dics,
1569 5518 1762 5596 supereroget

119 5582 162 5650 ts.
176 5585 212 5640 etl
227 5585 292 5640 baec
304 5585 406 5642 uerba:
423 5581 458 5638 Et
481 5581 641 5654 respondens
657 5580 778 5654 angelus,
793 5583 860 5636 dicit
872 5583 920 5637 eir
969 5581 1068 5654 peperit
1082 5580 1166 5652 filium
1178 5595 1253 5636 suurn
1273 5579 1486 5654 primogenitum,
1505 5591 1531 5638 ιι
1542 5598 1635 5654 ponnus
1652 5600 1712 5642 eum
1722 5585 1764 5641 itt·

119 5653 175 5730 Epo
189 5673 251 5713 sum
265 5653 382 5725 Gabriel,
395 5657 442 5730 gui
454 5667 512 5711 usto
529 5663 590 5710 onte
603 5653 687 5710 Desste
700 5670 710 5710 .·
724 5663 749 5709 ιι
759 5653 852 5709 urbest
862 5669 920 5708 sum
969 5651 1047 5708 soluit
1062 5668 1072 5707 :
1085 5667 1148 5709 cunr
1173 5661 1265 5708 tanuen
1286 5651 1329 5708 bis
1341 5653 1434 5710 serbis
1453 5649 1553 5710 Christi
1568 5653 1697 5712 nativitus
1713 5657 1764 5716 de·

121 5727 189 5800 loqui
204 5728 243 5782 ad
254 5736 292 5794 te,
306 5739 330 5784 ιι
342 5727 400 5784 brec
412 5727 459 5782 titi
471 5726 660 5800 evangelizare.
675 5726 743 5794 Dure
758 5725 920 5781 resbacum
971 5721 1120 5791 scribatur,
1137 5740 1189 5778 ntur
1214 5722 1274 5794 eius
1296 5723 1450 5800 coruceptio,
1477 5733 1507 5783 ui
1519 5723 1547 5784 in
1565 5725 1626 5784 luco
1644 5727 1765 5788 mutui

121 5798 153 5855 ad
164 5813 305 5858 canonem
316 5801 440 5884 quintum
454 5797 622 5864 referantur,
636 5797 807 5854 concordare
817 5796 920 5853 debue·
972 5793 1111 5868 parallele.
1124 5793 1215 5853 Maur.

120 5881 183 5927 rant
207 5886 276 5929 curn
303 5871 347 5929 brs
371 5869 484 5944 capituli
508 5867 580 5930 tertii
607 5869 750 5940 Evangelii
776 5866 920 5926 Maubaei:
1010 5865 1156 5927 ‘loculus
1167 5885 1200 5925 er
1212 5877 1247 5937 ts,
1259 5883 1320 5942 que
1331 5877 1361 5928 et
1374 5885 1438 5931 raro
1448 5871 1476 5931 in
1488 5871 1593 5932 Graecis
1603 5870 1765 5943 exemplari-

124 5940 221 6003 iuneti
240 5948 331 6002 ιιιιιιιιι
350 5943 485 6019 generatio
502 5941 541 6003 tie
561 5949 614 6000 erut
625 5957 634 5999 .·
644 5939 711 6002 Gustu
727 5948 792 6000 stret
805 5939 919 6012 despert-
973 5939 1023 5998 bus
1036 5939 1230 6013 inveniuntur,
1244 5939 1356 6018 uuluae
1369 5959 1437 6012 mss·
1452 5943 1710 6020 pretiosissimi·
