4017 6334
260 327 314 388 stt
461 290 465 298 Ι
758 335 791 394 S.
810 334 1005 394 llllilibllllll
1025 331 1141 394 blitttt
1160 334 1399 400 blntlorttbct.
1841 352 1883 412 tlt

262 443 346 512 inde,
365 443 487 503 excutite
502 444 641 515 puluerem
655 445 690 504 de
703 447 819 520 pedibas
830 451 930 508 vestris
944 451 973 508 ia
986 451 1065 509 testi·
1079 449 1212 513 nonnas
1225 451 1374 508 secandam
1396 451 1575 510 contubernia
1594 465 1677 526 saper
1697 456 1778 516 viride
1796 462 1883 528 lernrnn,

262 540 386 600 moniam
401 540 468 597 illis.
485 539 553 614 [nvn
566 538 606 612 8.]
627 541 661 598 Et
674 552 808 601 exeuntes
822 543 1019 615 predicabant,
1035 553 1065 602 at
1115 539 1151 598 Et
1164 542 1361 602 discubuerant
1375 545 1403 602 in
1418 554 1520 618 partes,
1536 562 1584 620 per
1597 555 1725 609 cenmnos
1736 561 1763 609 et
1773 555 1887 630 quinqua·

263 633 455 707 poeaitentiam
470 645 599 704 agerent:
615 642 644 692 et
656 635 792 694 daemonia
806 638 891 694 multa
907 637 1063 709 ejiciebant,
1114 652 1211 710 genos.
1228 638 1262 695 tir
1272 639 1523 715 acceptisgainqae
1535 643 1663 714 panibus,
1676 645 1887 723 etduobuspiscl·
1997 641 1998 658 ¹

263 737 294 786 et
304 727 512 799 angebaatoleo
522 729 732 799 maltosregros,
744 730 923 792 etsauabant.
937 729 1063 807 [avrr.2.]
1115 729 1178 798 bus,
1192 733 1302 791 intuens
1323 734 1350 790 in
1369 735 1490 806 coelum,
1506 735 1656 807 benedixit,
1678 747 1705 796 et
1719 739 1793 815 tregit
1806 760 1888 818 panes,
1997 753 1998 802 ἶ

263 821 300 878 Et
311 821 416 879 audivit
429 837 479 879 rex
489 821 612 879 Herodes
627 823 897 897 (marrilestameaim
911 825 1067 884 factumest
1115 830 1144 879 et
1158 821 1234 881 (ledit
1247 825 1392 897 discipulis
1413 828 1489 885 suis:
1511 837 1540 886 at
1561 841 1696 902 ponerent
1717 845 1777 892 aare
1790 851 1851 894 eas:
1866 849 1890 897 et

261 931 365 973 nomen
377 915 449 990 cias)
461 926 490 973 et
500 916 621 974 dicebat:
633 915 704 986 Quia
712 916 834 976 loannes
841 919 963 993 baptista
974 935 1066 978 resur·
1116 915 1185 974 daos
1195 919 1283 989 pisces
1295 919 1387 976 divisit
1399 921 1534 979 omnibus.
1553 923 1585 980 dt
1603 924 1827 986 manducaverunt
1839 947 1890 988 nat·

263 1008 336 1066 rcrit
355 1024 370 1065 a
390 1009 521 1067 mortuis:
535 1018 564 1066 et
584 1020 726 1083 propterea
739 1012 854 1070 virtutes
872 1022 1021 1084 operantur
1038 1013 1065 1071 in
1116 1025 1175 1078 nes,
1191 1019 1218 1068 et
1230 1011 1347 1068 saturali
1360 1021 1434 1071 sant.
1456 1014 1491 1072 lit
1508 1017 1678 1076 sustulerunt
1697 1019 1818 1093 reliquias
1836 1024 1891 1098 lrag·

262 1099 323 1158 illo.
344 1100 398 1159 Alii
416 1109 505 1157 autem
519 1101 667 1158 dicebant:
687 1103 754 1172 Quia
769 1104 907 1162 Eliasest.
928 1105 982 1162 blil
999 1121 1066 1162 vero
1117 1115 1271 1160 mentorum
1289 1103 1434 1162 duodecim
1451 1107 1585 1180 capbinos
1599 1108 1710 1180 plenos,
1726 1123 1752 1168 at
1770 1113 1802 1172 de
1824 1117 1892 1187 pisci·

263 1192 411 1252 dicebant:
424 1194 493 1265 Quia
509 1193 645 1266 Propheta
657 1204 710 1264 est,
726 1198 802 1269 quasi
814 1215 884 1255 anas
896 1215 929 1256 ex
941 1200 1066 1271 Proplre·
1116 1197 1178 1254 bas.
1198 1197 1285 1256 Erant
1299 1209 1389 1258 autern
1403 1200 1451 1274 qrri
1469 1203 1703 1262 manducaverant
1717 1209 1828 1282 quinque
1843 1213 1892 1268 mil
1997 1197 1998 1232 n

265 1287 311 1343 tls.
333 1288 425 1361 [narrt.
443 1285 502 1360 lb]
520 1288 580 1357 Quo
594 1289 689 1346 andito
704 1290 825 1349 llerodes
841 1295 894 1348 ait:
909 1292 996 1363 Quem
1015 1309 1067 1366 ego
1116 1291 1152 1347 lia
1174 1293 1305 1349 virorum.
1326 1294 1408 1368 laxa,
1430 1291 1471 1367 6.]
1491 1295 1525 1352 Et
1546 1295 1638 1354 statim
1655 1301 1743 1370 megla
1765 1302 1893 1376 discipulos

264 1380 398 1439 decollavi
408 1381 554 1450 loannem,
567 1383 637 1439 laica
652 1387 767 1440 mortuis
781 1389 939 1443 resurrexit.
950 1385 1065 1460 [arm]
1117 1399 1181 1443 suos
1191 1387 1340 1444 ascendere
1350 1389 1451 1458 narina,
1463 1398 1492 1446 ut
1502 1392 1691 1461 praecederent
1703 1408 1762 1450 eum
1775 1404 1842 1454 trans
1851 1399 1894 1455 lre·

262 1475 325 1547 lpse
333 1475 407 1532 enim
414 1476 537 1535 llerodes
546 1477 631 1544 misit,
646 1495 678 1534 nc
688 1481 925 1552 tenuitloanoem‚
940 1490 968 1539 et
980 1483 1067 1538 vinxit
1118 1488 1175 1536 tum
1191 1479 1225 1535 ad
1239 1479 1429 1548 Bethsaidam,
1454 1483 1518 1540 dam
1534 1485 1593 1555 ipse
1607 1484 1758 1545 dimitteret
1772 1492 1894 1563 papalum.

265 1584 329 1626 cnm
348 1568 375 1625 in
396 1584 522 1635 carcere.
546 1582 656 1642 propter
669 1573 852 1630 llerodiadem
873 1590 987 1632 uxorem
1003 1573 1068 1631 Plri-
1119 1575 1204 1650 laam,
1218 1574 1259 1648 2.]
1282 1575 1316 1632 Ει
1331 1592 1391 1635 cum
1407 1579 1558 1638 dimisisset
1572 1595 1639 1650 eos,
1659 1585 1727 1641 abiit
1746 1586 1771 1642 ln
1792 1598 1894 1644 vnorntem

263 1660 330 1734 lippi
346 1662 438 1720 iratris
452 1666 504 1729 sai,
520 1664 583 1736 arvia
597 1665 714 1722 duxerat
727 1683 798 1723 cam.
815 1668 1011 1726 Dicebatenim
1021 1669 1069 1727 lo·
1117 1682 1209 1727 orare.
1231 1669 1331 1742 laxari,
1347 1669 1388 1744 4.]
1411 1671 1445 1728 Ει
1456 1689 1518 1730 cum
1532 1691 1597 1732 sero
1609 1687 1697 1747 esset,
1718 1690 1776 1735 crat
1789 1681 1857 1738 rravis
1872 1681 1895 1738 ia

263 1770 350 1813 annes
363 1755 464 1814 llerodi
478 1776 485 1812 :
508 1758 567 1814 llan
584 1759 648 1815 licet
663 1759 712 1814 tibi
730 1757 832 1817 babere
846 1776 958 1818 uxorem
975 1761 1068 1817 iratris
1120 1760 1303 1832 mediomari,
1317 1775 1346 1821 et
1360 1766 1418 1837 ipse
1430 1767 1508 1824 solus
1521 1769 1547 1824 in
1561 1779 1644 1826 terra.
1661 1773 1696 1828 Et
1708 1773 1798 1834 videus
1809 1791 1853 1832 eos
1864 1778 1895 1832 ln·

266 1852 316 1910 tui.
336 1852 473 1909 llerndias
484 1864 573 1910 amem
589 1854 767 1910 insidiabatur
781 1855 818 1910 illi
833 1871 842 1910 ι
858 1863 886 1912 et
897 1854 1009 1911 volebat
1021 1869 1068 1910 oc·
1082 1842 1106 1905 Β
1119 1851 1250 1913 boraales
1264 1855 1291 1911 ia
1305 1858 1464 1929 remigando
1480 1861 1634 1932 (eratenim
1650 1875 1748 1923 reulus
1757 1869 1894 1927 cornardus

264 1944 360 2002 cidere
379 1960 455 2010 eram,
480 1961 530 2002 nec
552 1953 668 2016 potarat.
695 1945 818 2003 llerodes
836 1948 909 2004 eninr
928 1947 1067 2005 metuebat
1118 1940 1188 2014 eis),
1208 1957 1236 2002 et
1249 1945 1322 2004 eirea
1338 1961 1467 2020 quartam
1481 1953 1603 2024 vigiliam
1620 1957 1710 2014 noctis
1724 1960 1797 2016 venit
1813 1962 1844 2016 ad
1856 1976 1898 2018 eos

264 2038 413 2106 loannem,
430 2039 521 2097 sciens
535 2055 596 2096 eum
614 2039 702 2096 virum
714 2039 818 2110 justam
834 2050 862 2096 et
876 2049 1016 2098 sanctum:
1039 2047 1069 2098 et
1117 2037 1262 2096 ambulans
1279 2055 1360 2114 supra
1375 2060 1465 2104 arare:
1481 2055 1509 2103 et
1523 2049 1629 2106 volebat
1644 2054 1785 2124 praeterire
1797 2070 1850 2112 eos.
1869 2057 1898 2113 lt

265 2130 438 2188 custodiebat
449 2147 528 2190 eum.
542 2137 571 2188 et
583 2131 677 2188 andito
691 2147 725 2188 eo
739 2134 824 2188 multa
839 2132 972 2200 iaciebat,
988 2143 1017 2189 et
1035 2133 1067 2189 li·
1118 2129 1158 2187 illi
1174 2139 1205 2188 ut
1218 2132 1541 2198 viderantambulantcm
1554 2157 1636 2214 supra
1651 2160 1738 2214 mare,
1755 2157 1898 2218 putaverant

264 2226 364 2283 beuter
378 2242 441 2282 enm
456 2226 596 2282 audiebat.
614 2227 673 2300 lar,
686 2225 726 2298 bl
739 2226 773 2282 Et
787 2241 849 2284 eum
860 2227 921 2284 dias
936 2233 1067 2299 opportu-
1118 2220 1281 2292 bhtnlttmt
1293 2241 1370 2296 0⁸8⁶,
1384 2237 1412 2285 et
1424 2231 1660 2292 exclamaverunt.
1675 2237 1776 2296 Omnes
1787 2241 1853 2298 enim
1866 2239 1900 2296 ri·

264 2336 316 2379 nus
330 2320 485 2386 accidisset,
503 2320 623 2376 llerodes
638 2320 736 2376 natalis
749 2322 791 2377 sui
803 2337 908 2379 coenam
920 2321 983 2378 lecit
993 2320 1068 2392 prin·
1118 2315 1220 2376 derant
1231 2335 1310 2392 eum,
1333 2331 1362 2379 et
1375 2327 1533 2386 conturbati
1549 2340 1624 2387 sunt.
1647 2331 1680 2388 br
1699 2336 1787 2391 statim
1808 2335 1900 2392 locutus

264 2416 382 2488 cipibus,
398 2427 426 2473 et
440 2415 570 2481 tribunis,
585 2423 614 2471 et
627 2415 721 2486 primis
735 2415 864 2472 Galilaere.
890 2414 1013 2488 Cumque
1026 2414 1067 2472 in·
1118 2419 1161 2467 0⁸¹
1172 2424 1235 2468 cum
1246 2412 1297 2480 eit,
1312 2423 1341 2470 et
1354 2415 1422 2473 dixit
1435 2419 1474 2476 cis
1490 2437 1497 2475 s
1512 2419 1662 2490 mundive,
1676 2441 1728 2497 ego
1742 2441 1815 2496 snnr,
1829 2427 1900 2484 rrulite

269 2509 379 2565 troisset
395 2507 450 2563 blla
469 2506 556 2577 ipsius
571 2505 748 2573 llerodiadis,
761 2516 789 2563 et
804 2507 947 2577 saltasset,
966 2518 994 2564 et
1010 2507 1068 2578 pla·
1119 2504 1227 2562 tinniens.
1247 2507 1355 2582 [sarar.
1371 2509 1411 2584 6.]
1434 2511 1467 2568 Et
1486 2515 1612 2572 ascendit
1627 2518 1661 2574 ad
1683 2519 1745 2576 illos
1764 2521 1791 2577 in
1812 2523 1899 2590 navim,

268 2601 371 2658 suisset
387 2597 486 2655 llerodi
503 2641 510 2665 ,
534 2597 667 2670 simulque
689 2599 929 2668 recumbentibas;
958 2617 1007 2657 rea
1030 2600 1068 2658 ait
1118 2597 1275 2654 dicesserit
1289 2611 1397 2658 vetitus·
1413 2603 1445 2659 m
1457 2605 1518 2676 plus
1529 2607 1616 2681 magis
1628 2609 1700 2666 iutra
1714 2613 1900 2685 sestupelmnt:

266 2695 384 2766 „1101123
417 2693 483 2750 pepp
507 2709 523 2750 a
546 2709 590 2750 „10
610 2694 682 2762 qma
707 2695 770 2764 prs,
798 2704 827 2751 ps
851 2695 922 2752 (rapo
943 2697 1015 2752 tibi:
1040 2705 1069 2754 ps
1118 2702 1175 2745 non
1197 2691 1270 2746 enim
1293 2692 1535 2755 intellexeruntde
1552 2701 1686 2775 panibus,
1705 2708 1845 2764 eratenim
1863 2719 1903 2762 cor

263 2783 367 2858 iuravit
380 2782 418 2840 illi
439 2782 530 2850 :Quia
548 2782 676 2856 arridanid
696 2785 805 2854 petieris
822 2785 894 2842 dabo
914 2786 980 2853 tibi,
1005 2786 1069 2842 licet
1120 2785 1669 2866 corarnobcaecntum.[nannetensem
1682 2798 1902 2865 transfretassent,

265 2875 409 2934 dimidium
429 2875 505 2947 regni
525 2877 590 2931 mei.
624 2875 690 2944 Quae
704 2891 764 2931 cum
780 2877 902 2945 exisset,
927 2877 996 2934 dixit
1012 2893 1069 2932 naa·
1120 2878 1304 2933 venerantia
1330 2890 1430 2937 terram
1454 2883 1642 2956 Genesaretb‚
1668 2899 1697 2946 et
1718 2892 1903 2963 applicuerant.

264 2970 301 3027 tri
317 2985 391 3026 sae:
414 2967 485 3038 Quid
509 2969 618 3041 petam?
633 2971 668 3025 nt
688 2967 731 3024 illa
747 2969 830 3027 divit:
854 2971 942 3043 Caput
957 2970 1069 3028 loannis
1120 2967 1243 3041 Curaque
1257 2971 1361 3044 egressi
1376 2984 1468 3032 essent
1481 2977 1516 3034 de
1535 2981 1616 3048 rnavi,
1639 2983 1772 3041 continno
1783 2999 1906 3057 coguove-
1997 2965 1998 2968 Ἴ

265 3061 407 3133 baptiste.
427 3059 550 3131 Cumque
566 3060 710 3116 introisset
720 3060 811 3116 statim
823 3076 885 3118 cum
896 3062 1070 3119 festinatione
1123 3071 1187 3116 runt
1201 3077 1281 3118 eum:
1301 3072 1329 3120 et
1347 3078 1539 3137 percurrentes
1552 3073 1709 3132 universam
1728 3079 1861 3150 regionem
1881 3079 1907 3133 il·

266 3153 301 3211 ad
316 3167 421 3227 regem,
436 3151 533 3223 petivit
547 3149 658 3207 dicens:
675 3151 754 3217 Volo,
769 3162 797 3208 at
809 3153 935 3222 protinus
945 3153 993 3210 des
1004 3153 1070 3209 mibi
1123 3151 1188 3219 lam,
1199 3167 1340 3226 caeperunt
1351 3157 1377 3214 iu
1388 3161 1509 3231 grabatis
1520 3178 1579 3232 eos,
1591 3165 1637 3236 qni
1648 3181 1680 3224 se
1691 3169 1764 3226 male
1773 3169 1906 3238 habebant,

268 3250 295 3306 in
311 3247 388 3305 disco
400 3254 482 3315 capnt
502 3243 614 3302 loannis
626 3243 766 3318 baptiste.
788 3245 822 3302 Et
839 3247 1015 3324 epatristatas
1028 3238 1106 3305 estC
1123 3245 1315 3319 circumlerrc‚
1337 3253 1383 3310 ubi
1402 3254 1549 3317 audiebant
1566 3275 1628 3317 eum
1648 3277 1724 3322 esse.
1745 3265 1907 3340 thaocam·

266 3356 336 3400 rex:
353 3337 678 3412 propterjusjarandam,
694 3347 721 3394 ct
736 3349 849 3408 propter
860 3340 941 3396 simul
952 3341 1072 3398 discum-
1121 3354 1176 3412 que
1187 3341 1314 3400 introibat
1328 3389 1335 3414 ,
1351 3343 1462 3406 lauicos
1476 3351 1518 3408 rel
1531 3354 1557 3410 in
1570 3353 1665 3426 villas,
1682 3367 1730 3414 aut
1742 3358 1871 3425 civitates,
1886 3359 1908 3416 in

266 3433 382 3499 beatos,
405 3431 492 3489 uolait
507 3447 567 3487 carn
589 3429 754 3488 contristare
772 3450 778 3487 :
793 3431 840 3488 sed
856 3431 940 3489 misso
954 3434 1071 3505 spicula·
1123 3431 1221 3502 plateis
1236 3438 1375 3506 ponebant
1392 3441 1537 3516 infirmas,
1560 3456 1589 3504 et
1605 3448 1827 3521 deprecabantur
1844 3469 1910 3520 eunt,

269 3538 342 3595 tore,
360 3525 490 3598 „meppia
501 3524 593 3583 afferri
608 3533 690 3596 caput
704 3524 763 3597 ejus
775 3527 802 3582 in
819 3526 903 3583 disco.
926 3526 959 3582 lit
978 3527 1072 3585 decol-
1122 3536 1153 3582 ut
1166 3527 1208 3583 vel
1220 3527 1356 3588 bnrbriam
1371 3535 1527 3594 vestimenti
1541 3539 1601 3612 ejus
1615 3549 1781 3618 tangerent:
1803 3558 1832 3604 et
1842 3555 1912 3620 aaut·

270 3621 341 3680 larit
351 3635 412 3676 eum
435 3618 604 3686 incarcere,
617 3627 646 3674 et
660 3619 751 3675 attulit
767 3629 849 3691 capnt
861 3619 921 3690 eius
933 3623 959 3677 in
975 3620 1070 3678 rliseo:
1123 3635 1188 3693 quat
1205 3626 1354 3697 tangebant
1368 3645 1442 3700 eam,
1458 3634 1526 3691 salvi
1542 3636 1655 3697 llebant.

270 3723 300 3770 et
311 3712 464 3770 deditillud
481 3711 591 3783 puella,
605 3721 633 3768 et
643 3712 732 3783 puella
748 3712 825 3770 dedit
838 3713 917 3771 matri
930 3728 995 3772 sum.
1014 3716 1072 3784 Quo
1161 3715 1242 3791 [Cap.
1256 3717 1310 3776 tlt.
1326 3739 1390 3792 aar,
1404 3723 1466 3800 lb]
1480 3725 1515 3784 Et
1527 3733 1696 3792 conreaimrt
1709 3736 1744 3793 ad
1760 3752 1820 3794 eum
1832 3735 1913 3807 plari·

270 3807 381 3875 andito,
402 3806 528 3878 discipali
550 3806 610 3877 ejas
626 3814 776 3875 venerant,
799 3816 827 3864 et
841 3808 961 3865 tulerunt
974 3824 1073 3881 corpus
1124 3810 1184 3876 sai,
1200 3814 1351 3885 etquidem
1366 3818 1402 3877 de
1415 3822 1512 3882 scribis
1525 3828 1668 3888 venientes
1681 3833 1719 3888 ab
1732 3833 1912 3906 ierosolymis.

270 3903 349 3975 ejus:
370 3910 399 3958 er
409 3907 559 3972 posuerant
574 3899 640 3956 illud
651 3900 679 3955 in
693 3908 881 3957 monumento.
896 3902 967 3975 latr,
980 3900 1020 3975 8.]
1040 3901 1074 3958 Et
1124 3899 1160 3957 lta
1178 3917 1240 3960 cum
1260 3907 1375 3966 vidisset
1395 3915 1527 3987 qrrosdam
1542 3934 1574 3978 ex
1589 3921 1734 3996 discipulis
1749 3927 1828 3998 eius,
1850 3941 1916 3984 catn-

272 3995 468 4052 coavenientes
481 3993 604 4067 Apostoll
624 3992 657 4048 ad
670 3991 780 4063 lesum,
803 3993 1030 4052 renuntiauerant
1048 3995 1074 4052 ei
1124 3997 1252 4056 manibus
1264 4005 1399 4073 manibus,
1414 4007 1440 4065 id
1452 4021 1494 4069 est
1505 4027 1557 4071 nou
1571 4017 1821 4086 lotisnnsndacare
1831 4038 1916 4094 panes,

272 4089 376 4151 omnia.
389 4103 450 4160 quae
464 4097 588 4159 egerant,
602 4098 629 4144 et
642 4087 801 4144 docrrerant.
819 4089 895 4162 larsa,
912 4087 970 4161 tol
990 4090 1025 4146 Et
1037 4091 1075 4146 ait
1125 4089 1358 4164 vituperaverunt.
1371 4099 1500 4162 lauriani
1513 4109 1597 4178 einim,
1612 4122 1641 4170 et
1653 4130 1755 4174 omnies
1764 4117 1859 4186 lrrdaei,
1871 4115 1917 4173 nisi

272 4181 342 4239 illis:
361 4179 460 4237 lenite
474 4193 598 4237 seorsum
610 4181 637 4236 in
654 4179 793 4238 desertum
808 4183 910 4252 locrrm,
930 4191 959 4240 et
970 4183 1075 4252 rearrie·
1125 4183 1224 4243 crebro
1236 4188 1353 4248 laverint
1363 4209 1471 4266 manas,
1482 4214 1536 4258 noa
1549 4204 1728 4277 nrarrdacant,
1742 4220 1919 4268 tenentestra-

273 4271 341 4328 scite
352 4271 493 4343 pusillam.
507 4271 592 4328 Erant
607 4273 679 4327 enim
694 4273 740 4345 qai
756 4272 940 4332 veniebantet
950 4275 1076 4333 redibant
1125 4275 1256 4336 ditionem
1272 4285 1430 4346 seniorum:
1455 4301 1484 4350 ct
1496 4309 1511 4350 a
1524 4294 1584 4353 loro
1597 4299 1647 4356 nisi
1660 4301 1853 4376 baptizemur,
1870 4317 1918 4360 nan

274 4362 371 4420 multi:
392 4371 421 4419 et
433 4379 484 4419 aec
497 4363 614 4430 spatium
629 4365 809 4423 inandurandi
823 4367 969 4425 babebaut.
986 4369 1073 4444 [utrm
1126 4373 1287 4432 comedunt:
1308 4389 1335 4436 ct
1352 4381 1404 4438 alia
1415 4386 1499 4443 multa
1512 4399 1591 4458 sunt,
1605 4408 1668 4464 pue
1684 4398 1787 4455 tradita
1800 4404 1862 4456 sunt
1875 4396 1921 4454 illis

274 4452 361 4525 olet
375 4453 556 4513 ascendentes
571 4457 598 4512 ln
617 4458 726 4526 navim,
749 4459 877 4518 abierunt
891 4463 918 4520 in
936 4465 1075 4523 desertum
1126 4479 1246 4536 serrare,
1265 4469 1426 4543 baptismata
1438 4479 1573 4545 calicum.
1593 4495 1802 4558 marceacum,
1823 4500 1920 4549 stara·

274 4545 365 4602 locum
380 4561 515 4604 seorsara.
529 4548 565 4605 bt
578 4549 705 4605 viderunt
718 4565 768 4608 eos
779 4552 922 4627 abeuntes,
938 4565 967 4613 ct
977 4572 1075 4628 eogno-
1127 4571 1291 4633 mentoram,
1308 4575 1337 4622 et
1351 4568 1483 4629 lectorum
1497 4593 1503 4628 ι
1519 4577 1608 4651 {anxa
1624 4579 1712 4654 bl'et
1725 4583 1923 4657 interrogabant

273 4647 374 4695 rerunt
393 4638 492 4699 multi:
513 4648 542 4697 et
559 4641 701 4711 pedestres
720 4643 755 4700 de
774 4647 900 4703 omnibus
918 4647 1074 4708 civitatibus
1087 4640 1115 4702 D
1127 4667 1188 4708 eum
1209 4654 1353 4727 pharisei,
1374 4671 1402 4718 et
1422 4645 1537 4724 scribae:
1558 4671 1650 4740 Quare
1667 4675 1801 4748 discipali
1822 4677 1857 4735 tni
1874 4691 1921 4732 non

274 4737 474 4786 concurrerant
493 4731 576 4801 illuc,
600 4741 626 4790 et
640 4746 835 4805 prevenerunt
853 4755 910 4796 eos.
931 4740 966 4798 lit
978 4744 1074 4801 exiens
1129 4745 1270 4804 ambulant
1282 4749 1359 4820 juata
1380 4755 1553 4817 traditionem
1567 4764 1725 4834 seniorum,
1749 4769 1800 4826 sed
1812 4783 1923 4826 comma·

274 4823 460 4882 viditturbtm
471 4826 1072 4910 maltamlesue:etmlscrtusestsapcreos‚
1129 4837 1921 4932 salbasmanlbnsrnandacantpannnntntillerepondens,

274 4915 323 4989 qui
337 4924 418 4973 erant
430 4921 501 4974 sicut
513 4932 579 4974 oves
591 4935 645 4975 non
662 4918 795 4979 babentes
807 4933 962 4994 pastorem,
978 4937 1008 4986 et
1017 4944 1072 4988 cm·
1129 4931 1197 4988 dixit
1210 4935 1265 4991 cis:
1283 4935 1356 4995 Bene
1370 4943 1541 5015 prophetarit
1556 4947 1639 5008 lsaias
1653 4950 1690 5010 tle
1706 4953 1786 5010 robis
1806 4952 1926 5028 bypncri·

273 5008 314 5079 pit
333 5008 397 5064 illos
410 5008 511 5067 docere
526 5011 621 5066 malta.
646 5010 737 5084 lurra,
758 5013 797 5084 ll
813 5014 849 5071 Et
862 5033 923 5073 cam
935 5019 991 5089 iam
1008 5021 1073 5079 bora
1130 5025 1174 5092 tis,
1184 5027 1253 5085 sicat
1264 5031 1394 5104 scriptam
1406 5046 1464 5093 est:
1478 5037 1598 5111 Populus
1608 5043 1922 5111 biclabiisrnebonorat,

274 5104 360 5159 malta
377 5101 474 5160 lieret:
497 5116 673 5162 accesserant
689 5105 816 5179 discipuli
834 5110 910 5181 rjais,
934 5115 1074 5176 dieentes:
1129 5132 1178 5175 cor
1190 5133 1281 5179 nartem
1297 5115 1392 5183 eorum
1405 5129 1540 5202 longeest
1559 5152 1573 5191 a
1592 5153 1646 5194 nne.
1667 5139 1699 5196 lo
1720 5157 1822 5199 vanum
1842 5149 1925 5198 autem

275 5195 406 5253 besentun
416 5205 459 5252 est
468 5196 548 5272 luens
560 5197 615 5264 bie,
629 5207 655 5253 et
665 5197 722 5267 jam
735 5198 799 5256 bora
811 5205 944 5273 praeteriit
953 5223 959 5262 :
968 5206 1077 5269 dimitte
1129 5225 1175 5269 me
1184 5214 1286 5285 colant,
1299 5217 1430 5279 docentes
1440 5225 1580 5286 doctrinas
1589 5239 1617 5287 et
1628 5245 1767 5307 praecepta
1781 5236 1923 5293 bominum·

272 5287 353 5358 illos,
373 5297 403 5344 ut
417 5298 514 5345 cantes
533 5290 560 5344 in
579 5288 717 5358 proximas
730 5292 809 5348 villas
824 5301 853 5350 et
866 5295 960 5366 alcas,
982 5312 1077 5359 emant
1130 5301 1326 5378 delinquentes
1340 5313 1413 5370 enirn
1429 5319 1585 5377 vitandarum
1599 5323 1665 5392 bei,
1693 5329 1798 5386 tenetis
1813 5327 1927 5384 traditio.

274 5383 327 5438 sibi
342 5382 430 5454 cibos,
445 5398 513 5453 nuos
524 5383 698 5441 nrandacent.
713 5385 746 5441 Et
756 5390 938 5460 respondens,
951 5394 990 5449 ait
1002 5393 1075 5456 illis:
1130 5411 1192 5454 nem
1207 5400 1363 5470 bominum,
1382 5397 1545 5480 baptismata
1563 5431 1728 5487 urceorum,
1752 5421 1925 5478 attalicum:

276 5474 345 5531 Date
359 5473 412 5529 illis
426 5490 476 5530 ros
497 5478 672 5534 manducare.
702 5477 737 5534 Et
756 5479 885 5540 dixerant
906 5487 946 5542 ci:
972 5489 1075 5550 Euates
1130 5500 1157 5547 ct
1168 5493 1218 5550 alia
1231 5497 1329 5554 ainvilla
1344 5500 1387 5557 bis
1399 5502 1488 5561 inritis
1501 5509 1596 5566 nnulta.
1610 5511 1642 5566 Et
1654 5511 1769 5572 dicebat
1779 5514 1834 5574 illis
1845 5535 1851 5572 :
1862 5515 1926 5572 liene

274 5582 399 5624 emamus
420 5568 546 5626 ducentis
562 5569 684 5627 denariis
705 5586 809 5642 panes,
832 5585 861 5633 ct
878 5577 1004 5639 dabimus
1023 5585 1075 5642 illis
1129 5585 1234 5645 irritum
1255 5591 1345 5651 laeitis
1368 5609 1533 5672 perceptum

271 5661 447 5721 nnanducare.
469 5661 503 5718 llt
516 5662 581 5719 dicit
598 5663 656 5720 eis:
676 5663 748 5733 Quot
767 5682 852 5738 panes
875 5669 1003 5730 babetisl
1024 5675 1073 5748 ite,
1127 5685 1196 5737 tram
1216 5688 1341 5744 servetis.
1367 5688 1474 5764 llnyses
1495 5695 1569 5752 enirn
1588 5697 1674 5755 dixit:
1701 5699 1815 5758 lloonra
1830 5711 1926 5773 patrem

269 5755 409 5814 etvidetc.
431 5755 536 5813 Etcum
549 5759 759 5828 cognorissent‚
779 5761 887 5820 dicant:
902 5767 1030 5841 erirrqae
1045 5778 1073 5826 et
1128 5781 1214 5843 taum,
1238 5787 1266 5834 et
1279 5791 1392 5840 narrassem
1409 5795 1492 5843 aarum,
1514 5787 1633 5860 51:005
1650 5792 1833 5853 maledixerit
1851 5793 1926 5866 „mg

268 5847 341 5906 dnos
352 5853 449 5921 pisces.
465 5849 501 5906 bt
512 5852 643 5922 pracepit
657 5852 720 5920 illis,
735 5865 765 5911 at
775 5858 936 5920 accumbere
948 5862 1071 5927 lacerent
1127 5867 1169 5926 vel
1187 5873 1281 5944 matri,
1302 5887 1391 5938 morte
1410 5879 1552 5943 moriatur.
1575 5884 1631 5948 lov
1649 5895 1748 5953 tatem
1768 5891 1879 5954 dmm:
1901 5885 1928 5950 Si

1553 5603 1619 5672 bel,
1635 5613 1664 5663 at
1681 5608 1859 5668 traditionem
1870 5621 1926 5662 vcs-
