4017 6334
268 295 330 381 ιι,
589 313 592 322 “
858 359 868 372 .
985 313 1178 374 reustum.
1879 319 1914 380 ss

267 416 808 518 Hieroniyriid'impiidie'i’ssiterii
817 430 1042 496 emendations
1056 434 1182 496 retenta
1195 430 1549 514 sitssrmropsritipso
1560 432 1760 497 messueris
1773 432 1915 516 pleniore

269 538 385 616 nitere,
402 555 500 618 quum
515 555 589 601 cum
607 537 709 599 obeiis
731 541 829 616 etque
845 535 1010 598 asteriscis
1034 533 1218 598 merserit.
1240 535 1453 615 Consequens
1467 536 1626 614 uteo-est,
1651 535 1914 617 dioscoridem,

270 636 552 719 enm‘qutieediee
572 635 750 700 Vemnensi
766 637 968 716 continetur,
991 641 1024 698 et
1048 655 1200 700 mensum
1224 639 1366 718 prefert,
1390 640 1435 701 its
1453 639 1579 702 nemini
1604 641 1734 704 ontrndi
1749 656 1843 722 posse
1859 657 1916 721 pro

269 741 363 816 italo,
378 739 586 819 nntvmgntu
606 743 724 814 rutero,
739 741 776 800 ut
792 738 833 801 sit
844 739 944 800 etium
961 737 1218 819 Hieronyminna
1231 738 1335 803 alteru
1347 738 1585 817 emendatione,
1603 739 1772 802 Gaiiicnno
1785 741 1917 818 inquam

269 841 447 922 emicone,-
458 845 556 922 oinuc
574 843 645 924 ipse
657 841 801 924 Vuiguia
814 839 974 903 hodierna
989 840 1163 904 recentior.
1175 839 1221 902 iic
1235 841 1332 902 etism
1348 855 1425 904 veru
1438 857 1482 902 ex
1497 841 1537 902 iis
1550 840 1643 902 iocus
1655 839 1715 902 iste
1728 843 1790 916 ert,
1800 840 1917 919 quinus

270 947 312 1010 sb
336 943 576 1026 iiugustinisnn
602 945 795 1010 recensione
817 945 929 1004 noster
945 940 1095 1004 dissentit
1111 959 1119 1001 ι
1135 940 1230 1006 intuit
1256 941 1344 1006 enim
1368 942 1723 1023 ipsum-iugurtinnm
1745 937 1919 1018 selectio,

271 1035 387 1108 iditum
402 1061 468 1132 quo
487 1051 631 1128 ternpore
647 1044 808 1125 psnimnm
821 1041 913 1105 titum
926 1043 1115 1115 eusrrnirst,
1130 1054 1230 1120 quem
1247 1059 1321 1104 cum
1336 1042 1529 1110 Latinorum
1546 1042 1646 1124 ruigo
1663 1041 1753 1123 legit,
1767 1057 1807 1107 sc
1821 1039 1922 1107 termo

271 1147 317 1212 iis
332 1149 433 1230 sitque
445 1147 780 1228 Hilariuspertenttt.
795 1145 943 1208 Labores
960 1141 1035 1226 (nit)
1062 1143 1227 1206 fructuum
1250 1148 1381 1206 tuorum
1406 1144 1630 1210 mendueubis.
1645 1143 1673 1209 0
1687 1163 1789 1223 conc
1806 1150 1854 1218 tu,
1868 1161 1924 1206 eos

268 1249 363 1315 metiti
376 1241 431 1334 qni
440 1266 523 1314 unus
539 1248 944 1329 estis,*1ubores'iruotuum
959 1251 1089 1308 tuorum
1104 1247 1326 1313 munducabis.
1339 1246 1439 1326 Quasi
1446 1265 1594 1330 peruerse
1608 1247 1850 1317 videtnrdicerc
1860 1266 1926 1318 non

268 1354 519 1438 inteilipcrttidtcs
530 1369 543 1419 ⁴:
553 1355 663 1420 debuit
676 1339 757 1418 entim
772 1353 885 1426 dicere,
905 1354 1047 1435 fluctum
1060 1350 1205 1413 indorum
1223 1357 1353 1413 tuorum
1364 1350 1581 1416 munducabis.

275 1461 293 1489 ·’
311 1457 417 1518 'Porro
434 1455 592 1536 ejusmodi
610 1454 759 1534 exempto
775 1455 808 1516 in
820 1453 1001 1516 Veronensi
1018 1451 1204 1517 codieesiin
1216 1454 1318 1515 mults
1333 1460 1421 1530 sunt,
1448 1456 1546 1534 sique
1557 1454 1927 1538 osvinnnnproterre

269 1548 461 1640 'singiliatim
474 1575 538 1621 nou
554 1561 660 1634 uncti,
678 1561 823 1640 suntque
843 1557 950 1620 obiter
973 1555 1114 1622 indicate
1143 1556 1313 1620 iunctior
1343 1555 1486 1635 denique
1508 1560 1543 1620 in
1569 1560 1682 1623 ocutos
1699 1562 1871 1625 innuerent
1899 1559 1927 1625 si

267 1641 342 1725 cnm
355 1651 544 1744 isseron'ymi
569 1663 664 1743 epist.
680 1660 721 1726 nd
746 1661 904 1724 sunniam
919 1657 1203 1735 disterminum
1223 1658 1372 1740 numum
1387 1659 1565 1724 trudentur
1580 1663 1728 1745 tonate
1747 1662 1819 1743 ejus
1838 1669 1931 1728 vete-

267 1765 314 1828 ris
326 1764 500 1842 tentiones,
519 1769 706 1832 contendes.
724 1767 818 1844 Quod
837 1767 863 1830 si
881 1767 1040 1830 nonnulis
1059 1772 1217 1846 superent
1232 1774 1340 1832 tumen
1362 1772 1394 1831 in
1409 1788 1449 1833 eo
1461 1771 1545 1833 tiirro
1557 1772 1670 1849 verbe,
1686 1784 1760 1850 qno
1776 1766 1932 1850 retortio

267 1879 338 1928 rem
350 1869 439 1932 iiium
450 1869 633 1932 versionem
647 1868 824 1945 redoicsnt,
838 1876 875 1931 ut
891 1868 1182 1943 sunt,‘nmuricnre,
1197 1869 1314 1948 iqeire,
1332 1876 1429 1948 utque
1440 1871 1491 1933 iris
1501 1872 1635 1954 eimiiin,
1645 1889 1687 1934 ex
1702 1871 1752 1932 iris
1768 1871 1827 1934 itia
1840 1874 1932 1944 sunt,

268 1985 343 2060 quusi
354 1987 468 2035 recens
482 1966 674 2036 emendator
687 1973 829 2036 retinere
846 1966 948 2035 satius
962 1969 1071 2048 duxit,
1086 1977 1120 2032 et
1139 1969 1172 2035 8.
1189 1970 1289 2032 etium
1306 1971 1491 2050 Augustino
1514 1970 1770 2033 commodiorem
1794 1983 1931 2032 sensum

269 2071 403 2146 reterre,
420 2080 618 2155 quemquam
634 2075 741 2136 nrinus
756 2073 894 2138 tortasse
911 2072 1038 2150 Latino,
1055 2071 1254 2134 riderentur.
1272 2072 1402 2151 Aiiuqni
1431 2073 1458 2140 si
1474 2073 1637 2152 coniicere
1650 2071 1724 2133 inde
1738 2072 1829 2145 iicet,
1845 2071 1931 2132 Ver·

271 2164 527 2238 sidne'mitttiem
540 2192 611 2238 enm
626 2170 711 2254 ¹esse,
737 2188 811 2254 qum
828 2175 961 2254 propriu
979 2171 1107 2251 otiquot
1133 2171 1203 2252 ejus
1229 2171 1494 2247 rerbncetineet3
1525 2171 1641 2235 Verrio
1658 2170 1741 2234 liniu
1766 2169 1931 2237 hodierne

271 2287 406 2353 qnoque
420 2275 560 2356 Vuigstn
576 2281 688 2339 nostro
703 2274 838 2337 dicendo
856 2280 917 2350 est,
936 2290 1010 2352 qum
1024 2287 1176 2352 magnum
1191 2279 1317 2352 purtem
1332 2291 1374 2335 ex
1392 2275 1463 2353 ojus
1482 2273 1590 2341 verbis
1607 2277 1750 2346 constet,
1782 2273 1934 2338 maxime

269 2386 348 2436 rere
364 2375 555 2439 Psciterium
585 2379 782 2456 Romanum,
810 2393 870 2439 seu
894 2378 983 2455 prior
1009 2375 1191 2439 emendatio
1217 2375 1485 2456 Hieronymus,
1501 2374 1686 2456 quoius-ge
1711 2374 1930 2454 paucioribus

268 2473 351 2537 ideis
368 2486 388 2540 u
405 2482 513 2540 vetere
527 2475 668 2540 lectione
683 2476 849 2540 abhorret.
866 2477 945 2540 Num
962 2477 1007 2539 ita
1020 2476 1150 2555 quidem
1166 2493 1227 2557 ego
1237 2476 1403 2550 existimo,
1417 2477 1451 2537 in
1470 2478 1533 2539 irnc
1544 2476 1647 2556 magis
1664 2491 1780 2554 quarn,
1799 2476 1835 2540 in
1851 2475 1937 2540 reti*

269 2575 355 2652 quis,
369 2576 439 2640 sire
452 2575 560 2651 editis,
576 2577 645 2639 sire
659 2574 1066 2639 mss.Psn1morumvsriis
1080 2593 1123 2638 ex
1138 2575 1250 2638 (irone
1263 2576 1586 2656 interpretationibus
1603 2577 1717 2640 tioium
1729 2590 1804 2640 esse
1819 2577 1936 2656 requi-

266 2672 420 2750 rendum,
436 2679 536 2756 cique
552 2675 734 2738 eudemum
749 2691 844 2755 posse
869 2675 1001 2738 residuo
1018 2674 1089 2755 ejus
1107 2675 1292 2752 tetendiet,
1304 2678 1339 2737 in
1354 2678 1474 2756 quibus
1490 2678 1646 2760 pieruqne
1658 2678 1770 2740 omnis
1785 2678 1935 2743 otiorum

266 2773 487 2840 {inducturum
500 2779 636 2858 entique
649 2777 806 2842 Psniteriu
823 2777 1034 2840 conveniunt.
1050 2777 1155 2839 Unum
1173 2793 1213 2840 ex
1229 2777 1281 2846 iris
1296 2782 1346 2840 est
1360 2779 1557 2850 Veronense,
1573 2782 1693 2841 nostris
1720 2779 1822 2857 huius
1851 2778 1921 2842 Ee-

266 2873 380 2944 ei'esite
392 2880 508 2943 usibus
526 2881 617 2956 oiim,
636 2878 756 2944 smeuio
771 2886 806 2942 ut
825 2879 952 2942 ridetur
969 2880 1120 2962 septimo,
1138 2883 1208 2946 sive
1231 2885 1325 2946 utute
1336 2881 1534 2946 cassiodorii
1557 2882 1863 2958 accommodatump
1879 2883 1936 2950 eui

265 2969 474 3064 pmdemtego
492 2984 614 3064 primns
624 2982 734 3048 deiero
749 2985 791 3046 nb
805 2983 982 3048 lectionum
998 2986 1339 3066 prestantissimsrum
1364 2985 1551 3065 deiectum,
1570 3004 1726 3050 vemuum
1740 2988 1938 3052 distinctio-

265 3087 357 3163 nem,
373 3102 598 3168 summumque
611 3087 795 3168 Antiqusrii
814 3087 846 3150 in
862 3103 900 3150 eo
915 3087 1128 3154 describendo
1147 3105 1273 3154 curum.
1292 3091 1393 3170 Spero
1406 3091 1505 3154 etium
1530 3108 1682 3170 mopnnm
1696 3092 1864 3156 initurum
1883 3107 1939 3154 me

266 3189 402 3254 edoctis
420 3191 570 3266 erniiem,
589 3188 675 3269 quod
696 3189 962 3270 Hieronymisnis
986 3192 1231 3254 subnecterimr
1264 3193 1371 3270 eodue
1388 3195 1491 3275 megin
1509 3195 1596 3274 quod
1624 3195 1706 3258 iocis
1733 3195 1938 3280 dumtaxat,

268 3289 392 3368 quibus
408 3305 425 3351 n
440 3289 587 3351 Romnno
603 3291 720 3368 verint,
734 3289 912 3368 annotetis,
932 3303 1051 3371 magno
1065 3292 1220 3372 temporis
1232 3292 1488 3374 ehsmsrumqne
1500 3295 1827 3377 compendiensium
1846 3299 1936 3364 irsud

265 3389 380 3454 muisis
393 3392 547 3456 uersibus·
560 3391 823 3472 representarim.
849 3391 986 3468 Norunt,
1000 3397 1032 3452 et
1047 3411 1095 3454 nro
1113 3395 1253 3470 tecente,
1268 3394 1325 3472 qui
1342 3394 1533 3475 peritiorem
1547 3395 1794 3476 scripturorum
1823 3399 1938 3463 erudi·

141 3489 142 3494 ’
262 3493 390 3560 tionem
417 3499 677 3572 smuut‚qunntc
696 3492 870 3558 hinciucis
890 3492 1035 3558 secessio
1062 3492 1102 3557 ed
1126 3493 1157 3555 S.
1178 3494 1282 3557 Putris
1309 3496 1502 3560 industriam
1528 3496 1596 3576 tint,
1624 3514 1797 3579 quumque
1822 3503 1939 3563 sctum

262 3587 443 3676 'prteeicre,·
455 3597 529 3660 cum
546 3596 723 3660 lectionum
739 3596 910 3658 rnnetntes
923 3611 983 3674 per
998 3593 1099 3656 ierrms
1113 3595 1163 3658 rei
1178 3609 1311 3673 cousus,
1325 3595 1523 3676 ingenioque
1539 3596 1757 3677 interpretum
1784 3597 1868 3662 iicet
1881 3600 1943 3664 in·-

168 3705 191 3760 “.
267 3694 406 3778 spicere,
423 3703 555 3777 tumque
568 3697 701 3762 uetustis
716 3696 879 3758 memoriis
897 3695 972 3759 itui.
987 3691 1046 3760 Sed
1061 3699 1094 3759 et
1106 3694 1171 3760 siis
1189 3696 1282 3759 nobis
1299 3695 1369 3776 ejus
1384 3695 1515 3764 edendus
1528 3697 1697 3761 versionis
1719 3713 1828 3764 ceusu
1863 3700 1940 3774 tuit,

267 3797 386 3865 utedm
402 3799 524 3862 sciiicet
537 3799 754 3873 condrense,
767 3793 1093 3877 praeordinabatur
1121 3795 1266 3873 fortune,
1293 3795 1401 3875 quoad
1432 3805 1619 3862 nostrornm
1644 3797 1764 3866 saitem
1790 3801 1942 3878 pertinen

269 3905 351 3978 erui,
364 3899 621 3968 venditarentur.
639 3899 675 3962 ln
687 3910 812 3977 nupera·
830 3896 992 3958 incussit
1005 3895 1148 3956 editione
1163 3895 1322 3973 itomnns,
1338 3893 1447 3959 oren
1465 3911 1505 3961 oc
1517 3894 1631 3962 lutino
1647 3895 1845 3976 descriptus
1855 3898 1942 3964 litter

268 4001 488 4085 inteperenis
498 4008 529 4066 et
540 4005 669 4065 enmntu
682 4004 750 4060 toto
765 4003 922 4061 contextu
937 3996 1180 4077 Prpirpemenn,
1194 3998 1221 4060 ri
1243 3996 1305 4063 diis
1320 3997 1437 4078 plseet,
1453 3996 1495 4062 cd
1516 3999 1676 4077 Pspnrum
1690 3996 1789 4062 Vites
1806 3999 1942 4079 agenni,

269 4097 356 4172 itere
376 4109 444 4172 sibi·
464 4109 563 4171 etiem
587 4112 718 4166 anctore
733 4104 856 4166 ssdtor
879 4108 949 4166 tum
966 4103 1069 4166 nitere
1094 4109 1227 4170 conotus
1254 4103 1348 4168 tituio
1374 4102 1527 4166 lectorem
1552 4100 1677 4174 tutiore,
1710 4099 1832 4167 Verrio
1851 4101 1944 4166 lietu

269 4207 688 4288 tn'seriiseiruturr-denique
702 4208 820 4288 pennis
833 4206 1141 4269 obsitusieetionum
1151 4225 1195 4280 en
1212 4205 1344 4286 linguis,
1359 4220 1443 4284 oues
1458 4203 1592 4270 minime
1602 4206 1758 4281 noverat,
1778 4206 1875 4278 risus
1891 4214 1942 4268 est

270 4312 378 4379 dedito
396 4327 496 4395 opere
514 4313 546 4373 in
565 4315 697 4374 sconem
711 4310 778 4391 spi,
805 4308 845 4371 nd
868 4307 1052 4378 iaciendum
1083 4308 1213 4389 popciie
1236 4307 1362 4382 risum,
1390 4311 1426 4368 ut
1454 4321 1529 4372 uum
1552 4308 1758 4382 annotatum
1785 4309 1939 4388 exempti

271 4417 437 4497 pretinm
467 4413 546 4496 peni.
574 4429 663 4478 (ιιι-ἰι
693 4416 783 4472 cussis
808 4407 967 4478 muliebris
983 4450 992 4486 ,
1010 4425 1071 4490 pro
1102 4422 1211 4490 pectre
1235 4406 1401 4488 feminino.
1428 4405 1488 4480 Sed
1515 4405 1585 4476 htec
1612 4404 1711 4468 missu
1745 4405 1943 4487 iaciemus,

268 4532 354 4599 qum,
370 4524 407 4580 ut
420 4517 659 4586 niinsexcerritn
673 4513 877 4576 dissimulare
890 4512 1114 4586 centenimus,
1133 4511 1159 4573 ui
1176 4527 1235 4590 per
1254 4509 1362 4589 operis
1379 4507 1581 4588 propositum
1603 4505 1766 4569 licuisset.
1795 4509 1942 4577 Psalmis

268 4620 492 4686 subnectimus
507 4619 713 4702 predationes
727 4618 759 4681 ιιι
774 4620 1043 4699 Paralipomenon
1057 4622 1089 4681 et
1103 4615 1285 4681 Ssiomonis
1298 4615 1421 4686 iiirrosr
1442 4613 1481 4674 de
1498 4611 1618 4690 quibus
1630 4615 1664 4677 et
1688 4613 1773 4681 sutis
1807 4614 1941 4680 dictum

272 4730 320 4787 est
335 4723 598 4805 protensionis
613 4728 777 4804 postremo
793 4723 903 4786 ordine
916 4721 1099 4802 sapientise,
1116 4717 1345 4796 iicoiosiustiei,
1359 4720 1392 4779 et
1404 4715 1665 4782 santonicorum
1681 4713 1939 4796 numnquam.

267 4813 367 4903 qusm
382 4815 713 4898 Deuterurenonicos,
728 4838 787 4885 nee
803 4828 860 4886 niis
876 4823 1077 4907 Hieronymo
1089 4821 1280 4897 recensitos,
1290 4824 1417 4882 tuntum
1430 4823 1466 4889 ut
1485 4832 1526 4878 no
1540 4816 1666 4897 integro
1678 4814 1943 4897 scripturarum

264 4923 395 5004 ¹corpori
404 4923 498 5005 juxto
514 4922 706 4985 hodiernum
721 4921 884 4988 Cononem
901 4922 1040 4994 deesset,
1056 4924 1242 5005 adiecimus.
1258 4921 1293 4981 id
1307 4937 1383 4984 cero
1398 4919 1516 5000 ipsun,
1537 4934 1690 4998 nequem
1715 4921 1828 4988 series
1842 4926 1943 4992 seris

266 5029 370 5107 ptores
389 5020 529 5104 iniisset,
543 5025 574 5086 in
593 5026 698 5090 iconie
712 5027 781 5108 ejus
801 5027 899 5106 proriis
915 5027 1138 5090 admonemus.
1792 5042 1799 5053 ’

307 5126 395 5188 Pois
412 5127 560 5206 sequitur
571 5123 696 5189 iiorur'n
713 5126 969 5208 Testamentum,
983 5130 1069 5208 quod
1084 5131 1141 5190 ebs
1156 5145 1193 5190 se
1204 5126 1304 5191 inisse
1316 5125 1430 5189 erere
1442 5124 1517 5207 pidei
1526 5121 1699 5205 redditum,
1712 5124 1745 5186 in
1761 5128 1938 5215 cstntoge

268 5239 407 5288 snorum
424 5225 557 5307 epiorum
570 5225 707 5295 'Sanctus
725 5227 794 5308 ipse
813 5230 905 5290 Peter
931 5232 1079 5290 testetur.
1101 5227 1228 5304 Quibus
1251 5229 1372 5301 rerem,
1401 5231 1439 5288 ut
1458 5243 1524 5305 ege
1544 5225 1676 5305 quidem
1692 5230 1827 5310 sentio,
1855 5236 1943 5314 quin

267 5328 376 5394 istisne
400 5330 447 5394 rei
462 5333 557 5404 esset,
587 5331 780 5410 quidvosihi
812 5333 932 5412 rrngotii
961 5332 1096 5406 dederit,
1115 5330 1318 5412 apertissime
1343 5329 1497 5393 osunen.
1520 5328 1601 5390 Sunt
1618 5328 1857 5412 mhilcminns,
1875 5340 1939 5419 qni

261 5427 445 5512 mrsnpnttd
461 5429 805 5512 quidem'sbeo'iuisse
824 5437 861 5496 nti
875 5431 1020 5497 Grteenm
1031 5435 1200 5496 veritatem
1216 5432 1584 5511 essetnedmemtnntr
1602 5431 1641 5496 de
1653 5435 1796 5514 rei‘rquis
1823 5446 1945 5505 nutem

266 5531 360 5594 iteris
377 5535 545 5610 dubitentr
560 5551 598 5598 ec
615 5531 712 5617 pn'rro
732 5536 830 5596 veiint
844 5537 885 5597 sir
897 5535 1008 5615 aliquo
1025 5537 1091 5601 ctio
1104 5536 1295 5619 Hieronymi
1310 5537 1496 5615 exemptum
1508 5534 1801 5605 edectndtoiuisss
1815 5553 1946 5611 smen-

265 5635 372 5698 dstos.
386 5638 439 5702 me
453 5639 550 5700 etism
564 5640 684 5719 ipsum,
702 5646 737 5702 ut
756 5641 837 5708 uiirit
854 5641 1067 5719 dissimuiem,
1083 5648 1200 5718 moret,
1215 5644 1300 5725 quod
1314 5644 1347 5706 iri
1363 5643 1552 5726 pretatione
1567 5652 1848 5725 circumeam
1863 5655 1945 5718 otiis

264 5740 497 5806 omniomnis
514 5743 678 5807 conuersis
692 5742 857 5825 prmiig‘ere
872 5741 1082 5826 §.iuterpreti
1100 5747 1246 5810 soiemne
1262 5745 1344 5814 init:
1363 5747 1420 5812 iiio
1441 5753 1551 5812 cutem
1571 5763 1672 5833 nuum
1695 5748 1800 5820 unice
1826 5755 1946 5824 hebo-

223 5936 226 5943 ·
264 5855 340 5909 tuus
357 5842 499 5913 Dnmsso
520 5841 689 5927 inscripto,
705 5843 889 5926 pollicetur,
914 5847 1079 5927 expressis
1095 5849 1221 5930 serbis,
1250 5855 1391 5930 pontem
1416 5856 1555 5918 tontum&
1578 5847 1946 5934 consenescente
