4017 6334
26 5619 116 5640 ..ιι-β’·

243 312 297 372 5b5
742 311 774 369 S.
794 306 987 369 tttbttoiitttt
1005 305 1124 372 Dllle
1143 303 1380 366 btbblottttdn.
1833 300 1889 360 att

276 431 352 490 Sicut
373 430 441 487 oculi
459 429 564 486 ancille
586 433 614 486 in
638 427 755 484 aeonibus
776 427 888 484 domina
909 441 964 483 sua
978 441 988 480 .·
1001 423 1081 490 itaA
1129 421 1165 478 lit
1177 421 1333 481 sientooali
1356 419 1463 478 ancilla
1480 420 1508 477 in
1528 419 1653 494 manibus
1667 419 1785 490 dominae
1806 431 1889 474 suaet

241 525 310 581 oculi
325 525 406 579 nostri
416 525 451 578 ad
466 522 608 581 Dorticum
627 522 714 579 Deum
733 532 850 580 nostrum
863 537 872 577 :
884 521 965 576 donec
989 518 1038 574 uri·
1093 514 1131 572 ita
1145 513 1217 571 aaut
1232 513 1319 571 nostri
1330 513 1364 570 ad
1379 511 1523 570 Dominum
1547 511 1631 570 Deum
1649 521 1783 580 nostrum,
1798 509 1890 568 donec

239 624 357 673 screatus
371 616 454 671 nostri
466 625 490 671 ¹¹.

276 708 401 764 Miserere
413 707 507 778 nostri,
523 699 644 778 Dominae,
655 709 777 766 miserere
788 707 887 765 nostri:
898 705 960 779 quie
970 703 1039 760 rnul-

240 809 294 856 tuns
307 797 399 874 repleti
410 817 501 858 sumus
512 800 686 870 despectione.

278 908 309 948 ÷
328 892 396 960 Quia
409 893 421 964 ζ
436 894 547 948 multum
560 893 661 964 repleta
672 902 709 948 est
721 893 810 947 anima
820 900 909 947 nostra
922 908 932 948 .·
943 906 1041 985 eppep-

202 982 206 988 ’
240 986 323 1044 lorium
336 987 528 1044 abundantibus
537 998 562 1043 et
575 986 704 1060 despectio
714 985 842 1060 superbis.

1093 605 1356 662 misereaturnobis.

1129 699 1259 756 Miserere
1283 698 1373 769 nobis,
1399 696 1525 778 Domine,
1546 695 1677 756 miserere
1700 695 1803 756 uobis:
1825 695 1893 770 quin

1092 794 1207 850 multum
1222 791 1319 863 repleti
1334 806 1429 849 snmns
1443 778 1660 863 contemptione.

1129 885 1161 944 Et
1177 884 1292 944 multum
1303 883 1406 956 repleta
1420 893 1463 940 est
1473 884 1564 940 anima
1577 892 1670 942 nostra
1686 901 1693 940 :
1710 881 1893 957 opprobrium

1092 977 1298 1036 abundantibus
1309 987 1336 1035 et
1348 977 1491 1060 despectio
1505 977 1641 1069 superbis

918 1075 1081 1156 essenus
1098 1073 1216 1134 cxuur.

493 1192 629 1234 asnercart
647 1191 783 1233 anundum.

251 1270 256 1280 '
279 1271 340 1327 Nisi
357 1285 387 1327 -e
402 1272 417 1310 ¹>
431 1270 518 1344 qaia}
534 1270 661 1339 Dominus
676 1282 731 1329 erm
751 1271 779 1325 in
790 1269 875 1340 notis,
891 1268 959 1332 dieat
973 1284 1041 1331 nnnc

245 1362 331 1420 lsrael
341 1365 353 1420 i
365 1363 416 1419 nisi
433 1378 463 1419 -e
478 1361 564 1437 quia}
581 1359 711 1420 Dominus
726 1371 780 1419 mat
789 1363 816 1418 iu
829 1362 913 1418 uobis.

275 1541 341 1600 canu
355 1549 523 1617 excerperent
535 1541 651 1598 tortines
673 1542 701 1599 in
723 1531 772 1599 nos'
786 1557 796 1599 .·
811 1541 879 1615 torte
899 1540 968 1598 siuas
992 1540 1040 1597 de-

240 1634 376 1709 plutissent
390 1652 450 1691 aas.
733 1611 749 1628 ’

276 1729 341 1784 Cum
355 1730 511 1785 irasceretur·
525 1729 600 1801 furor
610 1743 700 1784 eorum
711 1727 739 1782 in
754 1742 803 1782 nos
818 1742 827 1781 .·
848 1726 958 1799 [essitare
972 1742 1040 1804 aqnp

239 1822 414 1878 absorbuisset
426 1839 485 1878 reos.

171 1961 181 1982 ,
276 1913 429 1970 Torrentem
450 1925 460 1954 0
480 1913 646 1988 pertransivit
667 1912 757 1968 aninsa
776 1920 866 1968 nostra
887 1927 896 1969 .·
925 1912 1040 1986 forsitan

239 2007 421 2080 pertransisset
434 2004 524 2060 anima
535 2014 626 2059 nostra
640 2021 735 2075 aquam
747 2001 947 2058 intolerabilem.

242 2094 245 2101 '
274 2097 431 2154 Benedictus
444 2095 571 2154 Dominus
587 2114 597 2155 .·
612 2098 657 2168 qui
672 2113 724 2152 non
738 2097 810 2153 dedit
832 2112 879 2152 aas
897 2097 924 2152 in
939 2096 1038 2169 captia·

239 2209 297 2247 uera
313 2192 431 2247 dentibus
445 2208 546 2247 eoram.

274 2283 370 2338 Aniene
384 2291 482 2348 nostra,
497 2284 564 2338 sieut
578 2293 678 2354 passer,
690 2287 777 2351 erepta
789 2287 829 2334 est
848 2279 880 2335 de
894 2278 985 2351 laquea
998 2295 1037 2336 ae·

243 2377 373 2434 neatiunn

273 2469 396 2542 Laqueus
410 2467 535 2525 contritus
550 2475 598 2534 est,
610 2476 634 2523 et
646 2481 694 2523 nos
707 2465 808 2522 liberati
817 2483 916 2524 sancus
974 2469 978 2476 “

274 2562 443 2636 adjutorium
466 2568 584 2616 nostrum
601 2559 629 2616 iu
646 2560 752 2617 nomirre
765 2559 873 2617 Domini
887 2577 897 2617 .·
912 2561 958 2633 qui
976 2557 1039 2632 fecit

232 2655 332 2711 coelum
344 2663 370 2710 et
381 2661 488 2711 terram.

495 2853 631 2896 osnrroun
650 2852 789 2895 assonant.

275 2937 327 3006 Qui
352 2934 488 3007 confidunt
508 2934 537 2988 iu
566 2927 677 2986 Domino
704 2934 772 2987 sicut
792 2944 868 2984 mans
882 2927 947 2985 Sion
963 2944 1040 2986 :nou

238 3028 438 3086 cornarouelritur
451 3027 480 3083 ia
495 3034 624 3082 eternum
640 3023 685 3096 qui
705 3019 828 3079 turturi
841 3037 872 3078 -s
888 3024 916 3078 ia
933 3022 945 3092 ζ
960 3021 1040 3079 ieru-

240 3127 331 3181 salens.

1342 1182 1477 1224 erusteus
1498 1182 1635 1224 cannuca.

1126 1261 1183 1319 Nisi
1196 1261 1269 1332 quod
1285 1260 1350 1336 [lds.
1366 1259 1441 1334 quia]
1454 1261 1585 1318 Dominus
1600 1266 1660 1317 erat
1672 1259 1699 1316 in
1711 1237 1800 1327 nobis,
1817 1257 1896 1332 dieat

1091 1370 1165 1414 nuno
1180 1353 1245 1430 [lis.
1262 1353 1338 1428 recol
1353 1353 1438 1412 lsrael
1454 1369 1462 1410 ε
1478 1353 1530 1411 nisi
1555 1353 1618 1426 quia
1633 1351 1765 1410 Dominus
1786 1361 1845 1432 erat
1861 1351 1895 1407 iu

1097 1449 1188 1506 nobis.

1128 1542 1197 1598 Dum
1217 1542 1389 1614 insurgerent
1399 1537 1548 1596 Ιιοιιιίιιιει
1563 1537 1590 1596 in
1605 1543 1676 1596 nos':
1690 1537 1801 1620 forsitan
1813 1537 1897 1618 vires

1095 1634 1278 1707 deglutissent
1292 1647 1353 1689 nos.
1397 1700 1399 1707 ¹

1129 1727 1196 1784 Dum
1223 1726 1390 1783 irasceretur
1414 1723 1520 1780 animas
1542 1736 1638 1779 eorum
1659 1720 1792 1778 aduersus
1814 1733 1896 1778 nos:

1091 1821 1207 1878 forsitan
1219 1821 1294 1876 velut
1305 1833 1376 1888 aqua
1390 1815 1599 1874 absorbuissent
1614 1829 1674 1871 nos.

1128 1915 1292 1970 'torrentem
1310 1909 1491 1984 pertransivit
1516 1911 1607 1965 anima
1634 1915 1729 1966 nostra
1753 1906 1894 1962 :torsitarr

1055 2034 1080 2096 B
1093 2005 1288 2079 pertransisset
1299 2003 1388 2059 anima
1402 2008 1493 2064 nostra
1510 2015 1609 2074 aquarn
1631 1999 1841 2076 intolerabilem.

1131 2097 1294 2154 Benedictus
1310 2095 1442 2151 Dominus
1452 2111 1460 2153 ι
1471 2095 1517 2166 qui
1530 2085 1584 2152 riou
1595 2094 1670 2152 dedit
1682 2107 1732 2150 uos
1746 2095 1772 2150 iu
1786 2091 1895 2164 captio-

1091 2207 1153 2252 nem
1169 2190 1298 2247 demibns
1313 2203 1420 2246 eorum.

1127 2285 1224 2342 Anima
1236 2293 1341 2351 nostra,
1362 2281 1433 2338 sieut
1452 2295 1559 2363 passer2
1578 2287 1671 2360 erepta
1688 2290 1731 2360 est
1744 2279 1780 2337 de
1792 2277 1895 2351 laqueo

1091 2376 1260 2436 venantium.

1127 2471 1253 2542 Laqueus
1269 2469 1459 2526 contritusest
1475 2489 1482 2527 :
1498 2476 1527 2524 et
1541 2480 1591 2524 tros
1607 2463 1717 2523 liberati
1730 2479 1836 2522 sumus.

1127 2563 1302 2634 adjutor-rum
1318 2571 1442 2620 nostrum
1456 2561 1485 2619 in
1507 2562 1620 2618 rroruine
1632 2559 1746 2634 ‚Domini
1765 2577 1771 2616 :
1791 2560 1837 2632 qui
1849 2557 1896 2616 le·

1090 2657 1129 2717 ait
1142 2656 1244 2714 eoelum
1257 2665 1284 2713 et
1297 2665 1412 2713 terram.

906 2745 1069 2808 Psebtttts
1090 2750 1209 2810 cxttt.

1344 2855 1477 2897 asnrrcurt
1497 2855 1634 2904 crunnus.

1126 2937 1177 3007 Qui
1199 2936 1342 2994 ooussdunt
1357 2937 1383 2992 in
1398 2937 1515 2995 Domino
1534 2935 1605 2992 sicut
1626 2949 1705 2993 mons
1726 2933 1792 3009 Sion
1809 2951 1815 2989 r
1833 2951 1893 3004 porr

1094 3027 1333 3087 ‘commovebitur
1350 3027 1379 3086 in
1396 3041 1544 3100 aternum,
1558 3025 1604 3100 qui
1619 3025 1724 3085 babitat
1736 3026 1764 3084 in
1780 3027 1896 3084 Jerusa-

1091 3121 1158 3179 lem.

275 3217 377 3274 Monetas
389 3219 418 3271 in
430 3215 542 3271 circuitu
557 3213 625 3283 ejus,
646 3218 670 3266 et
682 3207 810 3266 Dourinus
824 3211 852 3266 iu
870 3212 981 3284 circuitu
994 3229 1040 3288 po
1127 3215 1233 3272 Montes
1247 3215 1274 3270 ia
1288 3213 1405 3270 circuitu
1426 3211 1505 3284 ejus,
1525 3221 1553 3270 et
1572 3211 1704 3272 Dominus
1722 3213 1749 3270 iu
1773 3212 1894 3270 circuitu

237 3311 294 3387 puli
305 3310 348 3365 sui
361 3324 371 3364 .·
384 3308 475 3364 sadoc
488 3321 558 3359 nunc
569 3311 593 3358 et
605 3317 686 3374 usque
702 3302 730 3356 in
746 3300 883 3358 seculum.

274 3402 343 3471 Quia
356 3414 408 3456 aaa
420 3396 547 3469 relinquet
557 3393 686 3451 Dominus
699 3395 800 3466 visparn
819 3405 982 3472 peccatorum
993 3413 1038 3451 su·

237 3514 284 3569 per
298 3503 391 3552 sortem
412 3497 545 3566 justarum
561 3506 570 3546 .·
584 3499 614 3547 ut
632 3505 686 3545 non
700 3489 841 3545 extendant
857 3491 919 3554 iusti
938 3495 972 3546 ad
986 3493 1038 3548 ini·

237 3591 362 3663 quitatem
376 3602 468 3642 uranus
481 3601 555 3641 suas.

272 3680 396 3753 Denesac,
413 3677 536 3744 Domine,
551 3674 640 3742 bouis,
663 3682 687 3730 et
697 3673 775 3730 rectis
788 3674 875 3731 corde.

272 3771 438 3828 Declinentes
455 3782 542 3825 autent
557 3768 592 3823 ad
607 3765 795 3839 otttpestones,
815 3766 929 3824 adducet
944 3765 1038 3842 Danti·

235 3885 285 3926 uus
297 3883 356 3925 cum
370 3855 537 3939 operantibus
550 3862 730 3935 iniquitaten:
746 3878 798 3935 pas
812 3879 890 3941 super
903 3863 999 3921 lsrael.

1050 3292 1074 3357 C
1091 3309 1184 3384 populi
1196 3311 1238 3366 sui
1255 3327 1263 3368 :
1279 3323 1313 3365 ex
1329 3307 1381 3364 boo
1398 3323 1471 3364 nune
1484 3316 1512 3365 et
1526 3323 1613 3385 usque
1630 3309 1656 3366 in
1674 3309 1814 3368 sacculum.

1126 3403 1195 3472 eria
1219 3419 1273 3459 riou
1289 3399 1461 3474 derelinquet
1482 3399 1613 3458 Dominus
1632 3403 1736 3480 virgam
1760 3411 1892 3474 peceato-
1917 3389 1921 3396 ’

1091 3513 1164 3566 rura,
1181 3511 1263 3568 super
1277 3507 1377 3552 sortem
1389 3495 1537 3566 justorum.
1898 3543 1901 3554 ,

1127 3589 1165 3646 llt
1191 3602 1247 3644 nou
1270 3585 1421 3644 extendant
1442 3585 1511 3658 justi
1534 3585 1568 3648 ad
1592 3583 1762 3658 iniquitatem
1788 3599 1891 3643 manus

1089 3695 1153 3738 suas
1169 3696 1176 3734 :
1190 3677 1315 3756 banstae,
1331 3677 1462 3743 Domine,
1478 3677 1557 3734 bouis
1570 3687 1599 3734 et
1613 3676 1695 3734 rectis
1709 3675 1802 3734 corde.

1127 3769 1299 3827 declinantes
1313 3779 1404 3825 autern
1418 3767 1453 3824 ad
1467 3765 1672 3840 obligationem,
1692 3768 1810 3825 adducet
1834 3769 1891 3826 Do·

1090 3863 1181 3920 minus
1208 3877 1270 3920 curn
1300 3859 1477 3935 operantibus
1502 3860 1670 3936 iniquitatem
1695 3877 1703 3918 :
1725 3875 1778 3948 pax
1804 3877 1889 3942 saper

1088 3955 1185 4012 lsrael.
1733 3945 1736 3956 ’

901 4045 1059 4108 mutnus
1077 4047 1183 4109 CXXV.

485 4155 621 4199 emarcuit
640 4153 779 4198 annonari.

271 4239 307 4294 lu
323 4235 500 4293 cauuateudo
513 4234 644 4292 Dourinus
660 4233 834 4307 captiuitatem
852 4231 922 4290 Sion
938 4249 947 4289 :
969 4235 1034 4306 tacti

232 4349 323 4389 suerrus
336 4331 403 4386 sicut
415 4328 554 4385 corrsolati.

270 4485 284 4512 u
297 4474 399 4530 lterum
413 4472 459 4528 bia
472 4468 628 4541 Diepsalma
639 4467 674 4523 de
688 4481 737 4523 suo
751 4464 826 4521 addit
840 4465 955 4524 Palatia.
977 4481 1029 4529 ms.

269 4545 284 4585 lt
298 4546 368 4601 Tum
380 4543 451 4612 bac,
465 4557 526 4598 cum
540 4555 601 4613 qua
615 4539 737 4609 sequitur
751 4536 804 4597 boc
816 4538 877 4609 ipso
891 4539 1032 4596 versiculo

165 4691 168 4696 Ι
234 4633 289 4674 rox
300 4618 374 4688 quie,
391 4615 419 4671 in
433 4610 559 4670 Palatino
572 4625 623 4666 ms.
639 4618 736 4666 carent
750 4609 821 4665 obeli
835 4620 910 4665 nota.

272 4701 283 4728 ι
301 4688 382 4744 Verbi
397 4685 561 4756 pertransivit
573 4681 732 4754 prepositio
744 4681 878 4737 ineadem
887 4696 939 4738 ms.
952 4680 1033 4754 jaqcu-

233 4761 326 4820 latur:
343 4758 452 4814 additur
464 4764 493 4814 et
508 4756 534 4811 iu
549 4755 603 4810 Due
618 4755 708 4810 verim
722 4751 886 4823 Diapsulrua.

270 4829 449 4890 lPalatinus
480 4842 531 4882 ms.
566 4837 593 4881 et
628 4823 690 4879 Cari
711 4823 797 4880 editio
825 4824 933 4880 obelum
959 4823 1032 4883 huuc

233 4904 369 4961 traseiunt.
384 4901 478 4955 Altero
489 4898 524 4953 ab
535 4895 676 4953 hoerersu
690 4910 789 4951 nomen
811 4895 938 4950 Dominus
958 4895 1031 4967 quod

234 4991 322 5046 neque
335 4974 361 5028 in
377 4973 492 5028 ttebruo
507 4979 548 5024 est
572 4977 658 5031 tertre,
683 4981 772 5037 neque
787 4968 813 5021 in
828 4966 927 5022 Graan
949 4966 1029 5036 ipso,

230 5047 294 5117 juro
316 5043 413 5100 nterita
436 5043 462 5096 in
489 5040 585 5096 eodem
610 5054 663 5093 ms.
690 5039 876 5108 expungitur:
901 5037 927 5092 iu
952 5039 1030 5108 errjirs

232 5119 315 5172 otiam
331 5118 385 5170 tine
400 5112 525 5168 versiculi
545 5109 655 5165 additur
674 5107 838 5175 lliapsutrna.
862 5110 982 5182 Denique
1001 5119 1031 5167 et

228 5189 256 5242 iu
269 5184 438 5257 olliqotioues
460 5185 559 5256 legitur
574 5197 624 5251 pro
638 5180 673 5232 ad
686 5180 864 5251 obliqatioues.

267 5271 279 5297 θ
296 5258 460 5326 nurgustbnrs
474 5266 501 5310 et
519 5253 669 5309 testinans.
686 5253 796 5320 codas,
819 5268 897 5325 super
910 5269 956 5306 nas
972 5255 1028 5322 lor·

232 5331 302 5385 sitan
314 5332 384 5382 oinos
395 5327 588 5386 absorbuissent
596 5338 652 5378 reas⁴
669 5321 724 5376 tit:
739 5319 809 5376 Dum
819 5326 973 5379 irasceretur
984 5329 999 5395 f
1016 5353 1028 5365 -

127 5411 130 5420 ·
191 5433 195 5436 ·
231 5417 275 5457 ror
289 5403 404 5474 ipsorum
418 5413 497 5471 super
510 5412 566 5463 nos,
581 5395 692 5466 forsitan
709 5409 778 5465 aqua
793 5395 955 5450 demersisset
969 5412 1025 5451 nos.

229 5471 377 5527 Torrentem
389 5469 538 5543 pertransiit
548 5468 639 5521 arrirna
653 5473 753 5531 nadre,
770 5467 881 5534 forsitan
895 5475 1028 5537 pertrans·

230 5543 350 5598 ”anima
370 5551 461 5598 nostra
479 5555 573 5610 aquam
596 5540 661 5608 (ms.
686 5535 731 5616 ad.
746 5551 805 5607 quse
825 5539 874 5602 est)
894 5539 950 5593 sine
965 5539 1027 5594 sub·

225 5618 331 5670 stantia.
344 5613 424 5679 Turn,
438 5611 509 5666 dedit
524 5625 570 5664 nos
583 5611 611 5662 ia
624 5616 797 5664 uenationem.
816 5609 911 5663 dnirrsa
922 5617 1025 5680 nostra,

224 5688 292 5742 sicut
302 5701 400 5756 passer.
416 5683 525 5737 liberata
537 5679 618 5752 (disq.
629 5677 715 5748 autu)
725 5689 763 5736 est
774 5679 808 5734 ds
820 5682 967 5750 muscipula
979 5697 1025 5738 ee·

225 5763 356 5813 narrtiuur.
372 5754 522 5822 Husciprula
536 5752 648 5806 carrtrita
659 5760 708 5816 est,
721 5760 789 5831 etc„
804 5766 867 5808 narrt
877 5754 950 5822 qnod
963 5765 1025 5810 sunt

224 5829 253 5883 in
266 5825 421 5899 Veronensi
443 5839 497 5882 ms.
522 5824 638 5894 tegitur,
662 5823 824 5894 manriestus
852 5824 956 5882 librarii
980 5833 1026 5885 est

1333 4155 1474 4200 annumero
1492 4156 1630 4202 ambacu.

1123 4237 1153 4293 tri
1182 4235 1395 4294 soourertsndo
1421 4236 1555 4295 Dominus
1579 4235 1766 4312 captivitatem
1792 4235 1884 4304 Sion:

1087 4329 1153 4388 tacti
1165 4345 1261 4390 sumas
1274 4330 1346 4389 sicut
1359 4326 1505 4388 corrsotati.

1044 4469 1186 4542 Dlapsus.
1247 4455 1249 4465 ’

1124 4541 1133 4581 f
1147 4541 1267 4598 Plurium
1291 4553 1405 4604 numero
1417 4539 1445 4596 iu
1460 4537 1612 4596 veronensi
1636 4551 1688 4594 ms.
1703 4553 1756 4594 aon
1768 4555 1884 4597 eurena-

1085 4613 1212 4669 ueluntar
1223 4614 1252 4666 in
1262 4623 1386 4668 aeternnm
1397 4613 1440 4684 qui
1451 4609 1579 4678 dubitent,
1589 4619 1643 4666 etc.
1657 4609 1742 4666 ferme
1752 4624 1814 4666 curn
1825 4612 1882 4669 Λιι-

1083 4686 1193 4754 guetino
1209 4701 1217 4740 ε
1233 4693 1261 4739 ιιι
1274 4693 1303 4739 et
1315 4685 1387 4768 quod
1400 4684 1524 4754 seqnitur
1537 4681 1617 4752 plebis
1636 4695 1708 4748 sure,
1726 4697 1776 4752 pro
1790 4687 1881 4755 papali

1084 4757 1134 4814 sui.
1148 4757 1333 4828 Subsequenu
1348 4765 1438 4812 autem
1455 4767 1535 4811 uersa
1549 4754 1626 4810 solus
1643 4753 1792 4810 lamneus.
1810 4757 1883 4822 Quo-

1083 4833 1154 4882 niane
1169 4845 1221 4883 aare
1245 4827 1404 4899 derelinquet
1427 4827 1516 4896 sirpe,
1532 4825 1566 4880 ds
1584 4839 1678 4889 errore,
1704 4840 1753 4894 pro
1767 4831 1879 4900 stirpam,

1083 4899 1144 4956 siue
1166 4898 1330 4969 interposito
1347 4897 1493 4951 Dominus:
1506 4904 1535 4951 et
1550 4903 1699 4965 postremo,
1714 4894 1881 4954 Declinnntes

1083 4979 1169 5025 autent
1179 4971 1206 5025 in
1221 4968 1438 5042 stranpulatioue,
1454 4965 1526 5040 quod
1538 4975 1580 5021 est
1595 4977 1686 5023 tarrren
1700 4982 1735 5023 ex
1749 4969 1881 5041 Augusti·

1083 5056 1119 5098 rto
1132 5041 1331 5098 errrerrdutrdnnr
1345 5041 1371 5094 ire
1386 5037 1629 5109 stranpalatlouem.
1709 5069 1712 5075 ·

1119 5112 1310 5181 &Veronensis
1324 5127 1374 5168 ms.
1392 5109 1458 5165 Cum
1471 5110 1612 5164 corruente:
1622 5108 1719 5164 melius
1731 5106 1878 5184 Angustia.

1082 5192 1221 5251 concertet,
1237 5196 1285 5241 aut
1308 5181 1599 5239 consonantiarum
1622 5180 1674 5252 bero
1694 5195 1774 5236 uersu
1793 5187 1878 5240 verba

1080 5256 1256 5329 mapaificaait
1283 5255 1407 5310 darrriuus
1431 5252 1517 5324 [acere
1554 5265 1612 5306 cum
1649 5251 1716 5319 illis,
1752 5251 1876 5324 ejusdem

1080 5343 1196 5386 occursu
1211 5328 1300 5394 serbi,
1329 5327 1386 5384 site
1400 5335 1483 5382 etiam
1498 5323 1580 5378 totius
1598 5320 1878 5382 hemistichii‘simili-

1082 5399 1175 5458 tudine
1191 5401 1321 5474 deeeptus
1338 5395 1503 5452 Veronensis
1518 5393 1609 5450 scriba
1623 5395 1817 5466 praetermisit;
1841 5399 1878 5454 le-

1079 5470 1120 5543 git
1133 5487 1199 5527 vero
1214 5485 1274 5526 nrot
1289 5470 1386 5526 iterum
1403 5483 1464 5524 cnm
1480 5466 1631 5538 Augustius
1640 5465 1801 5538 jocundati,
1828 5483 1877 5540 pro

1080 5547 1208 5600 latentes.
1225 5541 1278 5600 Sed
1294 5541 1321 5597 in
1334 5542 1397 5610 line,
1415 5539 1506 5594 tollens
1525 5537 1624 5608 prende
1638 5551 1699 5600 sua,
1710 5546 1780 5604 ete.‚
1797 5557 1876 5618 qna,

1080 5627 1111 5670 ιιι
1142 5616 1213 5671 berre
1235 5615 1351 5686 potuerit
1371 5627 1404 5666 os
1429 5609 1524 5665 Draco
1549 5608 1737 5680 interpretatio
1763 5613 1876 5684 excudi,

1080 5686 1151 5741 ualli
1166 5697 1255 5742 tannen
1268 5683 1391 5741 codicum
1406 5680 1582 5748 Latinorum,
1596 5695 1664 5748 quos
1679 5679 1758 5752 seio,
1775 5697 1876 5741 coriso-

1080 5763 1128 5814 nat
1143 5775 1151 5812 s
1167 5765 1263 5830 estque
1277 5755 1398 5816 oninium
1420 5759 1513 5811 uotmu
1531 5750 1699 5825 dignissima.
