4017 6334
255 388 308 450 sta
756 383 999 472 sttmnonvur
1017 345 1132 446 orvrna
1154 385 1395 445 uxnrrovuuen.
1836 395 1879 452 aar
1995 373 1996 380 ‘

253 509 396 583 telligitit,
409 522 511 578 neque
538 507 720 564 recordamini
743 506 866 579 uuineuc
896 520 996 578 panum
1024 505 1052 562 in
1068 506 1233 574 illumina,
1253 506 1353 562 bonurn
1371 511 1416 560 est
1431 517 1481 560 nos
1497 503 1544 560 irie
1558 515 1621 560 esse
1636 521 1643 557 ε
1657 501 1683 557 si
1705 504 1753 572 vis,
1768 503 1882 563 tacianum

256 606 378 680 ruinaque
400 601 487 659 miliia
510 600 665 669 hominum,
689 608 801 672 etquot
823 599 956 672 cophinos
981 613 1056 655 sum·
1108 601 1152 657 iric
1174 601 1226 658 tria
1252 599 1439 666 tabernacula,
1463 597 1511 654 tibi
1533 611 1628 663 arnum,
1652 595 1734 669 hioysi
1757 613 1882 671 unumst

257 698 378 775 psistist
391 711 481 769 neque
495 705 600 767 septem
617 707 718 766 panum
734 695 761 751 in
772 702 890 766 quatuor
908 692 993 749 miliia
1006 691 1056 749 ho-
1107 695 1174 753 lilie
1195 709 1290 752 unum.
1305 693 1402 752 Adhuc
1415 707 1452 750 eo
1471 693 1609 764 loquente,
1632 705 1699 748 cece
1714 692 1793 750 nubes
1805 695 1881 753 lucida
1995 735 1996 742 r

256 795 375 858 minum,
395 798 424 848 ct
443 798 511 862 quot
522 799 631 861 sportas
644 789 818 861 sumpsistis?
833 789 924 858 Quare
943 801 999 843 rron
1015 787 1057 844 in·
1107 789 1281 848 obumbravit
1299 802 1359 846 eos.
1374 787 1408 844 lit
1427 801 1491 844 cece
1502 802 1557 843 vox
1576 786 1610 843 de
1630 785 1712 854 num,
1728 786 1814 844 dhens
1827 789 1883 847 :llic
1995 787 1996 850 r

259 887 394 960 telligitis,
406 885 470 958 quia
481 899 537 942 ¹101!
548 883 664 954 (labanti
679 882 736 939 dixi
747 881 825 940 tobit
842 899 849 936 τ
864 880 991 938 Cileless
1005 879 1059 937 fei·
1108 897 1150 944 ost
1163 885 1248 942 Pilius
1262 899 1339 940 meus
1353 883 1479 950 dilectus,
1497 883 1524 938 in
1539 895 1595 953 qrro
1611 881 1679 936 mihi
1697 878 1765 938 benc
1777 885 1883 953 cornpla·

255 989 351 1041 mcuto
367 978 572 1036 Pharisaeorum
594 986 623 1034 et
634 975 867 1034 Sadducaeorum?
887 975 963 1032 Tunc
976 975 1055 1032 intel·
1108 983 1151 1036 cui
1170 981 1277 1052 :ipsum
1290 977 1392 1035 audite.
1404 977 1439 1034 Et
1451 975 1593 1033 audientes
1605 973 1733 1044 discipuli
1747 975 1886 1032 ecciderunt
1995 969 1996 1006 ³

255 1079 397 1144 texerunt,
417 1074 482 1147 quia
505 1087 560 1129 nou
583 1070 684 1128 dixerit
706 1070 857 1128 cavendum
880 1087 895 1123 a
922 1070 1057 1126 termento
1109 1077 1135 1131 in
1149 1075 1247 1130 taciem
1263 1088 1351 1144 suana,
1368 1082 1395 1130 et
1409 1073 1560 1128 timuerunt
1573 1069 1663 1127 valde.
1680 1069 1714 1126 Et
1733 1072 1839 1131 accessit
1850 1071 1886 1128 lc·
1995 1091 1996 1158 ᾗ

258 1185 374 1244 panum,
390 1167 440 1225 scd
458 1183 475 1222 a
491 1165 618 1225 doctdna
631 1163 833 1221 Pharisaeorum
849 1173 876 1220 et
895 1163 1059 1220 Sadducao-
1109 1181 1167 1235 sus,
1181 1174 1209 1222 ct
1223 1166 1316 1237 tetigit
1332 1179 1379 1221 eos
1396 1181 1403 1218 t
1417 1163 1540 1234 dixitque
1558 1162 1598 1219 eis
1615 1159 1755 1232 :surgite
1774 1161 1849 1218 nolite
1859 1161 1887 1219 ti·
1995 1201 1996 1232 ,

257 1279 331 1324 rum.
349 1264 453 1336 leuva,
469 1261 508 1334 l.]
522 1260 606 1319 llcnit
621 1268 711 1316 autem
730 1261 811 1316 lesus
821 1261 848 1316 in
864 1271 955 1330 partes
969 1258 1058 1316 cma·
1110 1277 1195 1318 mere.
1209 1260 1348 1318 herentes
1367 1266 1459 1314 autem
1471 1257 1565 1312 oculos
1584 1270 1660 1324 suos,
1676 1256 1806 1310 neminem
1824 1255 1888 1312 vidc-

258 1373 315 1417 reee
329 1356 449 1429 Philippi
464 1372 471 1409 a
488 1363 516 1412 ct
538 1354 724 1424 interrogabat
744 1353 897 1423 discipulos
918 1367 996 1419 suris,
1017 1351 1058 1408 di·
1110 1364 1186 1424 runt,
1210 1354 1262 1410 nisi
1277 1353 1366 1409 sulum
1380 1352 1485 1408 lesum.
1510 1350 1544 1406 m
1562 1347 1790 1406 descendentibus
1802 1347 1849 1404 illis
1860 1350 1888 1404 tie

258 1465 326 1510 cens
342 1450 452 1518 renem
471 1447 566 1504 dicunt
578 1445 703 1502 homiues
715 1461 777 1502 esse
800 1444 900 1502 Filium
916 1443 1059 1500 hominist
1112 1455 1213 1516 monte,
1230 1447 1359 1519 praecepit
1381 1445 1421 1503 eis
1434 1446 1515 1502 lesus
1529 1443 1625 1502 dicens
1641 1442 1765 1500 :Nemini
1779 1442 1889 1501 dixeritis

258 1544 297 1604 dt
311 1542 350 1600 illi
360 1543 490 1600 dixerunt
501 1537 709 1598 :dliiloannem
725 1538 891 1609 baptistam.
907 1538 952 1594 alii
967 1546 1058 1594 autem
1112 1541 1256 1610 visionem,
1275 1539 1363 1596 donec
1379 1539 1465 1594 Filius
1482 1537 1599 1594 lrnminis
1613 1551 1627 1591 a
1643 1537 1758 1593 mortuis
1770 1545 1887 1608 resurgat.

259 1636 362 1703 Ehem,
377 1635 423 1692 alii
439 1649 504 1693 vero
515 1635 676 1701 ismeniam,
690 1646 736 1693 aut
753 1649 836 1690 unum
855 1649 887 1689 cx
904 1630 1058 1702 Prophetis.
1113 1635 1237 1711 leuantur,
1251 1632 1293 1704 dl
1317 1633 1352 1689 Et
1372 1632 1609 1705 interrogaverunt
1632 1645 1695 1687 sem
1713 1628 1843 1702 discipuli,
1857 1630 1891 1686 di-

260 1725 334 1785 Dicit
346 1726 400 1784 illis
414 1724 514 1784 lesus:
531 1726 586 1783 Vos
608 1737 698 1784 autem
713 1742 794 1800 quem
809 1740 852 1784 mc
872 1739 933 1782 csse
948 1723 1060 1782 dicitis?
1112 1726 1309 1796 centesailuid
1326 1725 1713 1798 emoscribadieuntqnnd
1726 1725 1891 1796 Eliamopor·
1995 1759 1996 1800 3

260 1818 444 1890 Respondent
467 1818 561 1876 Simon
583 1818 682 1876 Petrus
701 1820 775 1877 dixit
788 1836 797 1872 ·.
809 1818 850 1875 Tu
869 1833 901 1874 es
921 1817 1059 1886 Christus,
1114 1829 1172 1875 teat
1196 1821 1312 1890 primurn
1330 1819 1443 1876 veniret
1461 1819 1498 1876 at
1521 1818 1568 1876 ille
1591 1816 1770 1888 respondens,
1790 1817 1825 1873 aix
1837 1816 1890 1872 cisa
1995 1807 1996 1822 ³

262 1909 350 1968 Filius
375 1912 423 1968 liei
443 1910 497 1966 vivi
519 1929 527 1968 ε
548 1912 660 1983 lcuxvrr,
681 1911 739 1986 iti]
763 1909 945 1984 despondens
968 1921 1061 1968 autem
1077 1911 1102 1974 B
1116 1913 1189 1970 Elias
1207 1913 1317 1985 quidem
1330 1921 1462 1970 venturus
1475 1919 1526 1979 est,
1540 1917 1569 1968 et
1583 1911 1713 1967 restituet
1729 1911 1824 1964 omnia.
1840 1907 1894 1962 bico

262 2005 356 2076 lesus,
380 2004 451 2062 dixit
469 2005 495 2063 ei
509 2022 517 2061 a
530 2005 632 2062 Beatus
651 2023 693 2074 es,
712 2005 808 2063 Simon
822 2005 981 2062 liar-lona:
998 2007 1061 2077 quia
1114 2017 1205 2064 autem
1219 2007 1307 2076 vobis,
1329 2005 1391 2078 quia
1410 2005 1485 2061 Elias
1496 2004 1551 2075 jam
1566 2003 1651 2071 venit,
1662 2011 1693 2058 et
1712 2015 1762 2057 non
1776 2013 1893 2071 cognosc·

263 2111 340 2166 caro,
357 2105 385 2152 et
398 2097 510 2169 sanguis
523 2111 578 2152 non
589 2097 724 2154 revelavit
740 2098 799 2165 tibi,
815 2097 864 2155 sed
877 2097 1060 2168 Perennem,
1116 2109 1265 2170 murteum,
1281 2100 1328 2158 sed
1340 2099 1466 2157 lecerunt
1480 2099 1507 2154 in
1518 2113 1552 2155 co
1565 2111 1744 2169 quaecumone
1755 2096 1894 2151 soluemut.

263 2191 310 2263 qui
325 2190 354 2246 in
368 2188 447 2248 ecelis
459 2198 512 2248 est.
527 2189 562 2246 Et
571 2205 624 2264 cco
638 2191 702 2248 dieo
718 2191 777 2254 tibi.
790 2192 854 2263 quia
867 2201 895 2250 tu
911 2208 940 2250 es
954 2192 1062 2262 Petrus,
1116 2193 1161 2252 Sic
1175 2193 1284 2250 etdlius
1297 2191 1418 2249 bominis
1431 2206 1560 2264 passurus
1572 2199 1614 2248 est
1625 2191 1660 2247 ab
1674 2189 1726 2246 eis.
1739 2187 1811 2244 Tunc
1825 2187 1894 2242 intel·

264 2294 295 2342 et
303 2298 387 2356 super
397 2283 470 2342 hauc
483 2295 590 2357 petram
602 2285 744 2344 sditicaho
758 2287 911 2346 Eccledam
925 2303 1023 2356 meam,
1035 2297 1064 2344 et
1116 2287 1244 2345 leserunt
1258 2285 1396 2360 discipuli,
1410 2286 1473 2359 quta
1489 2285 1523 2344 de
1537 2285 1640 2342 loanne
1664 2283 1785 2355 Baptista
1799 2281 1897 2339 dixisset

262 2384 353 2449 portae
366 2377 448 2435 inieri
462 2391 517 2434 non
531 2377 719 2448 praevalebunt
737 2379 871 2438 adversus
884 2393 955 2438 enm.
968 2380 1003 2438 ht
1017 2379 1064 2436 tihi
1116 2380 1168 2442 eia.
1183 2379 1304 2454 leuatur,
1320 2377 1363 2452 9.]
1375 2377 1410 2434 Et
1423 2393 1484 2434 cum
1505 2377 1625 2434 venisset
1639 2375 1674 2432 ad
1693 2376 1806 2443 turbam,
1820 2387 1898 2430 acces·

267 2469 339 2530 dabo
353 2470 444 2528 claves
459 2472 536 2542 regni
550 2470 694 2530 caelorum.
711 2473 746 2530 Et
759 2473 953 2545 qrrodcumque
967 2472 1066 2544 ligave·
1117 2473 1154 2530 sit
1167 2472 1200 2529 ad
1216 2487 1278 2529 cum
1294 2471 1378 2528 homo
1390 2469 1507 2542 genibus
1522 2471 1686 2542 provolutus
1701 2477 1765 2527 ante
1780 2482 1849 2537 cum,
1865 2467 1898 2524 di·
1995 2519 1996 2550 ,

264 2565 306 2621 ris
320 2578 402 2634 super
416 2571 531 2630 terram,
544 2565 599 2621 erit
609 2565 723 2637 ligatum
735 2573 763 2623 et
775 2566 804 2626 itt
817 2567 897 2624 coelis
912 2583 920 2623 a
936 2576 965 2624 et
978 2567 1065 2640 quod·
1117 2581 1184 2626 cens
1194 2585 1200 2622 ε
1209 2567 1333 2632 Domine,
1342 2566 1471 2623 miserere
1482 2564 1538 2622 illio
1551 2579 1623 2633 meo,
1634 2565 1699 2637 quia
1713 2563 1840 2621 lunaticus
1854 2571 1897 2630 est,

267 2671 385 2728 eumque
406 2656 522 2714 solveris
542 2673 626 2728 super
644 2667 757 2727 terram,
777 2659 831 2718 erit
851 2658 973 2717 solutum
995 2666 1024 2716 ct
1037 2662 1065 2718 in
1118 2671 1145 2720 et
1163 2661 1235 2716 avale
1249 2659 1353 2732 patitur
1366 2676 1374 2714 a
1388 2673 1451 2714 nam
1473 2673 1545 2730 saepe
1559 2657 1633 2714 cadit
1648 2659 1676 2714 in
1693 2659 1794 2730 ignem,
1808 2663 1833 2714 ct
1850 2668 1900 2710 cre·

267 2748 356 2807 eoelis.
373 2750 494 2822 lcuxvrrx,
509 2748 550 2820 2]
563 2748 640 2806 Tune
655 2749 786 2821 pracepit
797 2749 940 2821 discipulis
952 2751 1020 2818 suis,
1036 2757 1066 2808 ut
1119 2755 1170 2812 bro
1184 2755 1211 2811 ln
1227 2769 1332 2826 uquam.
1353 2753 1388 2810 Et
1401 2752 1488 2810 obtuli
1504 2767 1566 2808 carm
1582 2751 1727 2825 discipulis
1741 2751 1803 2818 tuis,
1818 2758 1843 2806 rt
1855 2761 1899 2803 non
1995 2825 1996 2830 ἵ

267 2842 372 2900 nemini
401 2841 527 2900 dicerent
552 2843 615 2914 quia
636 2844 695 2913 ipse
725 2853 799 2900 esset
821 2844 902 2902 lesus
928 2842 1063 2902 christus.
1119 2854 1265 2920 potuerunt
1285 2859 1381 2903 curare
1407 2859 1480 2902 eum.
1501 2843 1684 2920 despondens
1711 2852 1800 2901 nutem
1823 2841 1899 2908 iesus,

268 2937 376 2995 Exinde
389 2938 474 3007 ccepit
486 2937 567 2994 lesus
589 2937 738 2995 ostendere
755 2938 901 3010 discipulis
924 2939 990 3006 suis
1003 2937 1066 3009 quain
1119 2941 1157 2996 ait
1173 2955 1180 2995 t
1195 2939 1218 2996 0
1233 2939 1374 3012 generatio
1393 2938 1543 3010 incredula.
1566 2949 1594 2995 et
1617 2953 1759 3010 perversa,
1777 2949 1901 3010 quousque

272 3037 412 3104 oporteret
425 3045 487 3088 eum
503 3032 544 3088 irc
556 3028 766 3103 lerosolymam,
785 3041 814 3088 et
827 3032 911 3089 multa
924 3033 980 3103 pati
993 3049 1008 3089 a
1025 3047 1069 3091 se·
1120 3047 1168 3090 ero
1180 3031 1341 3089 vobiscum?
1354 3047 1500 3104 usquequo
1518 3031 1607 3103 patiar
1620 3031 1693 3089 vos?
1707 3029 1808 3088 dlierte
1819 3029 1865 3084 lruc
1876 3025 1903 3083 ii·

269 3123 406 3192 nioribns,
426 3133 454 3180 et
472 3122 581 3190 scribis,
604 3131 633 3178 et
656 3123 826 3195 principibus
844 3126 1029 3194 sacerdotum,
1042 3135 1070 3182 et
1121 3126 1176 3182 lum
1192 3125 1225 3181 ad
1236 3139 1290 3182 me.
1309 3126 1342 3180 Et
1353 3125 1505 3196 increpavit
1519 3126 1596 3182 illum
1612 3125 1706 3193 lesus,
1722 3133 1749 3182 et
1760 3125 1825 3181 exiit
1833 3121 1863 3179 ah
1876 3135 1902 3177 ce

271 3218 370 3283 occidi,
389 3227 417 3274 et
432 3217 511 3272 tertia
536 3216 581 3274 die
598 3232 757 3289 reserpere.
768 3217 870 3292 leurs,
885 3220 926 3294 6.]
946 3222 980 3277 lit
991 3237 1070 3278 nrau-
1122 3222 1298 3290 daemonium,
1313 3229 1340 3277 et
1354 3229 1466 3276 curatus
1479 3228 1522 3276 est
1533 3235 1599 3292 puer
1610 3236 1645 3277 ex
1659 3219 1705 3276 ilia
1717 3219 1794 3277 hora.
1804 3218 1903 3290 ltunxv,
1995 3279 1996 3292 χ

272 3325 352 3370 meus
375 3324 438 3366 eum
454 3309 561 3377 Petrus,
586 3312 668 3380 coepit
691 3311 832 3383 increpare
851 3312 926 3368 illum
950 3311 1045 3369 dicens
1060 3331 1067 3368 a
1082 3315 1104 3379 G
1121 3314 1161 3387 5.]
1176 3315 1250 3371 Tunc
1263 3319 1439 3372 accesserunt
1456 3313 1583 3385 discipuli
1599 3313 1632 3369 ad
1649 3312 1743 3370 lesum
1757 3319 1866 3376 secreto,
1881 3316 1904 3364 ct

270 3406 379 3462 absita
395 3411 434 3475 te,
455 3404 580 3470 Domino,
596 3419 651 3462 non
670 3405 723 3462 erit
745 3407 795 3462 tihi
811 3407 872 3465 laec.
890 3407 940 3475 Qui
955 3422 1072 3464 convor—
1122 3411 1250 3468 dixerunt
1264 3425 1272 3466 a
1285 3410 1376 3478 Quare
1397 3421 1448 3465 nes
1468 3423 1522 3464 nnn
1538 3409 1680 3479 potuimus
1700 3408 1799 3480 ejicere
1817 3401 1904 3461 illuni

273 3514 332 3567 stxs,
353 3500 422 3556 dixit
434 3499 516 3556 Petro
531 3516 539 3555 :
555 3499 630 3557 llade
644 3510 706 3571 post
716 3515 776 3570 me,
793 3509 898 3566 satana,
912 3502 1071 3559 scandalum
1124 3505 1196 3563 Dixit
1210 3505 1263 3561 iilis
1278 3504 1291 3536 ⁸
1307 3502 1387 3560 lesus
1402 3519 1409 3558 τ
1425 3503 1542 3575 Propter
1556 3501 1774 3559 increduiitatem
1788 3507 1903 3557 vestram.

272 3607 305 3650 es
318 3592 384 3649 milri
400 3609 407 3646 z
424 3593 556 3664 quianon
577 3593 651 3664 sapis
668 3609 700 3649 ea
713 3610 775 3665 qum
796 3595 844 3652 liei
864 3605 939 3665 sunt,
956 3597 1005 3652 scd
1028 3613 1071 3666 cn,
1124 3599 1210 3654 dmen
1224 3598 1324 3670 qrrippe
1337 3596 1400 3652 dico
1420 3595 1510 3663 vohis,
1530 3595 1553 3652 si
1574 3595 1728 3653 habueritis
1744 3596 1832 3661 ladem,
1845 3592 1907 3649 sicvrt

272 3701 334 3758 quae
353 3685 507 3743 hominurn.
522 3686 614 3760 [eexx‚
628 3685 670 3758 a]
685 3687 762 3744 Turne
775 3687 857 3746 learns
870 3688 939 3746 dixit
950 3690 1072 3762 discipu·
1124 3687 1237 3766 manuam
1259 3691 1382 3762 sinapis,
1407 3688 1507 3747 dicetis
1530 3689 1615 3746 monti
1638 3689 1705 3747 huic
1722 3687 1836 3746 :Transi
1855 3685 1908 3739 irinc

271 3780 307 3837 lis
327 3780 385 3834 suis
402 3797 408 3832 ε
423 3779 452 3835 Si
467 3780 530 3850 ouis
544 3780 603 3836 vult
623 3787 687 3851 post
705 3795 750 3839 mc
772 3782 875 3848 venire,
893 3785 1011 3854 aluugnt
1027 3800 1071 3840 ac·
1125 3783 1199 3850 illuc,
1225 3789 1254 3840 et
1268 3782 1407 3851 transibit,
1427 3790 1456 3838 st
1478 3781 1547 3838 nihil
1570 3781 1744 3856 impossibiie
1766 3780 1817 3838 erit
1829 3777 1906 3834 robis.

272 3872 434 3944 metipsum,
450 3882 475 3929 et
491 3873 570 3930 tollat
588 3889 698 3931 crucem
719 3888 807 3942 suam,
828 3885 857 3933 et
871 3888 1001 3947 sequatur
1016 3893 1070 3934 ma.
1125 3874 1182 3932 lloc
1206 3883 1295 3931 autern
1310 3888 1398 3946 genus
1417 3887 1471 3929 non
1484 3873 1596 3945 ejicitur
1617 3873 1670 3930 uisi
1694 3887 1743 3945 per
1756 3873 1906 3931 orationem.

269 3965 325 4035 Qui
336 3968 410 4022 euim
424 3966 544 4022 voluerit
554 3968 673 4024 animaru
683 3982 759 4024 suam
775 3974 878 4026 salvam
894 3970 995 4043 iacere,
1012 3987 1074 4044 pcn-
1125 3979 1153 4028 et
1166 3970 1310 4041 jejunium.
1325 3966 1445 4043 [eaxxvr.
1461 3965 1502 4039 ἰ]
1516 3967 1752 4024 conversantibus
1771 3973 1855 4022 anam
1873 3960 1908 4017 cls

273 4059 322 4116 dot
340 4074 419 4114 earn:
436 4058 483 4129 qui
501 4069 594 4116 autem
607 4059 757 4131 perdiderit
778 4063 898 4120 animam
917 4077 994 4119 suam
1009 4080 1075 4136 pro·
1126 4064 1154 4120 in
1168 4063 1290 4130 Gaiilaea,
1303 4061 1373 4117 dixit
1388 4061 1443 4118 iilis
1457 4060 1557 4118 lesus:
1574 4057 1661 4117 Pilius
1678 4059 1800 4116 hominis
1813 4056 1909 4113 traden-

272 4159 337 4223 pter
352 4166 407 4218 rnre,
425 4151 546 4212 inveniet
559 4167 631 4211 cam.
648 4153 720 4225 Quid
734 4156 807 4212 enim
822 4157 935 4227 prodest
955 4158 1071 4228 homini,
1126 4155 1176 4213 dus
1200 4163 1243 4212 est
1267 4155 1294 4210 in
1318 4169 1415 4211 manus
1430 4154 1570 4210 trerminum
1588 4162 1635 4210 :et
1650 4151 1779 4210 occident
1797 4163 1866 4215 eum,
1886 4152 1909 4200 ct

273 4245 299 4301 si
322 4243 452 4302 mundum
475 4243 634 4302 universum
657 4247 789 4318 lucretur,
812 4252 995 4308 animarem
1017 4269 1074 4309 sum
1126 4250 1204 4308 tertia
1218 4248 1262 4306 die
1278 4257 1414 4320 resurget.
1431 4248 1464 4304 tat
1478 4247 1633 4305 contristati
1654 4255 1720 4304 sunt
1733 4246 1908 4303 vehementur.

273 4333 470 4394 detrimentum
489 4337 629 4406 perierunt
641 4339 697 4396 dut
707 4355 787 4412 quam
805 4342 881 4399 dabit
896 4343 978 4400 hemo
999 4360 1075 4403 cnm·
1126 4343 1256 4419 [euxxvrn
1269 4341 1326 4417 ill]
1338 4343 1374 4398 Et
1384 4343 1593 4400 cumvenissent
1607 4339 1811 4414 capharnaum,
1826 4347 1909 4394 occes-

272 4429 454 4484 mutationem
471 4430 701 4498 promimatuai
713 4429 814 4504 [cxxxn
830 4433 987 4507 llilliilius
999 4437 1074 4494 enim
1126 4445 1222 4494 serunt
1240 4437 1285 4508 qui
1307 4435 1468 4492 didrachma
1488 4435 1671 4506 accipiebant,
1696 4433 1730 4492 ad
1751 4433 1868 4498 Petrum,
1888 4435 1910 4482 ct

271 4517 394 4577 hominis
409 4529 541 4578 venturus
560 4531 606 4581 est
626 4522 655 4579 ln
669 4523 757 4595 gloria
770 4525 862 4584 Patris
884 4529 926 4585 sui
946 4544 1009 4586 curn
1026 4545 1075 4588 an·
1125 4531 1257 4589 dixerunt
1268 4531 1294 4589 ci
1312 4531 1465 4602 allagister
1476 4539 1570 4588 tester
1584 4545 1638 4588 non
1651 4529 1735 4586 solvit
1749 4519 1911 4586 didrachmai

272 4613 343 4687 pelis
370 4616 427 4671 suis
450 4631 459 4674 a
484 4626 512 4672 et
536 4624 602 4674 tnnc
624 4618 723 4676 reddet
748 4621 896 4694 unicuique
922 4624 1072 4682 secundum
1126 4625 1191 4683 dit:
1206 4627 1305 4682 litium.
1325 4627 1359 4682 Et
1378 4641 1440 4682 cum
1455 4626 1586 4682 intrasset
1606 4624 1774 4690 indomum,
1791 4615 1911 4693 prevenit

273 4709 439 4780 operosius.
455 4709 568 4784 [cenare
587 4710 627 4786 ἰ]
643 4712 731 4771 dmen
744 4713 809 4773 dico
821 4717 912 4785 vohis,
927 4729 992 4776 sunt
1010 4721 1073 4792 qui·
1085 4719 1112 4781 D
1125 4735 1188 4777 eum
1203 4720 1294 4790 lesus,
1310 4718 1405 4777 dicens
1418 4737 1425 4776 ι
1438 4720 1507 4790 Quid
1524 4719 1574 4776 tibi
1590 4719 1711 4788 videtur,
1732 4717 1846 4777 Simoni
1866 4713 1912 4769 lic·

272 4799 384 4858 demde
399 4801 607 4872 iniectantibus,
630 4807 677 4876 oui
698 4821 755 4864 nou
771 4809 920 4880 gusubunt
933 4823 1071 4883 mortem,
1125 4827 1174 4884 ges
1188 4821 1269 4870 terrae
1283 4827 1299 4870 a
1314 4812 1415 4885 quibus
1429 4812 1568 4884 accipiunt
1586 4812 1720 4869 tributum
1733 4811 1778 4870 vel
1792 4802 1913 4866 censum?

272 4895 362 4952 donec
378 4894 488 4954 videant
508 4895 606 4957 Filium
622 4899 742 4960 hominis
760 4903 915 4964 venientem
938 4907 965 4962 in
987 4922 1073 4980 regno
1126 4905 1219 4962 adiiis
1231 4907 1299 4974 suia,
1316 4921 1349 4962 an
1361 4906 1394 4962 ab
1406 4906 1526 4963 alienis?
1540 4906 1574 4962 lit
1592 4905 1746 4963 illedixit:
1762 4903 1803 4962 db
1816 4898 1910 4957 alienis.

272 5000 335 5046 ⁸¹⁸⁰·
1126 4998 1200 5054 Dixit
1213 4998 1253 5055 illi
1265 4996 1346 5055 lesus
1361 5015 1369 5054 a
1384 4999 1456 5068 Ergo
1469 4998 1547 5055 liberl
1561 5005 1627 5054 sunt
1641 4998 1702 5053 lilii.
1719 4997 1756 5056 Ut
1769 5003 1911 5053 autemnon

309 5080 385 5155 [Cup.
402 5079 498 5156 xvii]
516 5081 552 5143 lit
563 5083 697 5156 postdies
707 5100 756 5144 sex
769 5090 921 5162 assumpsit
932 5090 1014 5150 lesus
1024 5093 1076 5158 Pe-
1125 5090 1342 5148 scandalizemus
1357 5105 1416 5160 cos,
1428 5091 1498 5149 vade
1510 5090 1544 5146 ad
1556 5106 1642 5160 mare,
1659 5097 1689 5147 et
1703 5091 1782 5148 mitte
1792 5089 1910 5144 namen:

268 5186 355 5245 trum,
371 5175 737 5246 etlacobuux,etlotnnenr
748 5180 862 5239 tratrem
874 5183 945 5255 ejus,
957 5184 1073 5243 ctduxit
1124 5193 1153 5243 et
1177 5201 1239 5242 eum
1258 5187 1374 5258 piscem,
1397 5187 1443 5256 qui
1471 5185 1575 5256 primus
1597 5184 1765 5251 ascenderit,
1788 5181 1849 5238 tolle
1866 5197 1872 5235 ε
1890 5184 1913 5232 ct

270 5269 335 5328 illos
349 5271 376 5324 in
391 5278 511 5330 montem
530 5272 673 5331 excelsum
694 5286 819 5332 seorsum
831 5293 839 5330 a
850 5285 878 5332 et
892 5278 1071 5350 transhssnra·
1122 5289 1218 5351 apcrto
1238 5293 1288 5336 ore
1302 5279 1373 5350 ejus,
1390 5278 1515 5336 invenies
1529 5285 1661 5335 staterem
1675 5295 1682 5332 r
1698 5277 1776 5334 illum
1800 5283 1911 5334 sumens.

269 5369 316 5418 tus
332 5369 515 5422 estanteeos.
526 5361 563 5424 hit
575 5363 747 5435 resplenduit
760 5364 845 5424 iacies
858 5367 918 5439 eius
928 5369 998 5426 sicut
1010 5373 1069 5426 sol:
1122 5372 1157 5429 da
1173 5373 1213 5430 eis
1227 5388 1277 5444 pro
1293 5389 1347 5442 me,
1361 5382 1389 5429 et
1405 5381 1441 5429 te.

271 5455 435 5514 vestimenta
450 5465 543 5516 autem
559 5455 705 5528 eiusltcta
718 5460 859 5518 suntalha
872 5461 944 5518 sicut
958 5462 1016 5518 nix.
1037 5463 1072 5519 Et
1160 5465 1238 5540 [Gap.
1259 5466 1355 5524 lllllll.
1377 5480 1506 5536 euxxsrvr,
1529 5465 1571 5539 Ξ]
1592 5465 1623 5523 ln
1643 5463 1776 5523 illabere
1797 5469 1911 5519 neccsse·

271 5561 338 5606 ecce
352 5558 537 5620 apparuerunt
550 5549 606 5608 titia
618 5549 737 5625 hloysea,
761 5561 789 5610 et
803 5553 877 5610 litias
892 5567 955 5613 cum
974 5569 1009 5612 ee
1028 5555 1070 5613 lo·
1121 5569 1186 5617 runt
1208 5559 1334 5632 discipuli
1363 5559 1397 5617 ad
1424 5560 1530 5627 lesum,
1556 5559 1686 5617 dicentes
1701 5574 1710 5616 r
1724 5559 1800 5628 Quis,
1828 5561 1908 5627 putas.

273 5648 399 5712 quantes.
413 5639 593 5712 licspondcns
604 5653 698 5702 autem
711 5642 821 5715 Petrus,
833 5643 903 5703 dixit
911 5646 946 5704 ad
958 5648 1068 5707 lesum:
1122 5653 1211 5726 major
1235 5662 1278 5712 est
1298 5655 1327 5712 iu
1349 5669 1433 5728 regno
1453 5655 1608 5712 coeloruml
1629 5653 1665 5711 lit
1687 5653 1823 5713 advocans
1843 5650 1912 5708 lesus

310 5847 449 5922 ⁸1teginae
467 5863 535 5937 mss.
550 5848 596 5907 iric
611 5864 709 5909 nomen
723 5851 802 5912 lesa
815 5867 880 5940 cnm
899 5853 1001 5942 drama
1023 5859 1074 5945 ⁸¹¹?
1126 5862 1188 5921 dinc
1204 5861 1403 5933 iterumiterum
1422 5861 1507 5924 hocce
1519 5863 1679 5929 adverbium
1701 5857 1910 5951 praetermittunt.

272 5931 340 5998 quot
350 5921 567 5995 exemplaribus,
580 5931 608 5981 et
620 5925 702 5996 paulo
712 5932 785 6000 post,
799 5927 845 5984 ubr
854 5927 963 6019 ducatur,
977 5929 1070 5988 Praetu
