4017 6334
107 373 152 430 lbi
639 365 742 426 bibon
761 365 905 427 octob!
922 365 1189 428 immun
1693 371 1746 432 τοι

105 490 175 560 juxta
191 496 284 540 mare:
307 481 352 540 bio
371 481 445 540 dicet
462 481 513 538 tibi
533 479 598 554 qnid
616 489 645 538 te
656 491 781 554 oporteat
797 480 897 539 lacere.
911 484 939 547 A
951 483 1077 541 bomine.
1097 483 1231 556 Aperiens
1244 490 1335 542 autem
1349 483 1450 542 Petrus
1463 499 1495 542 ov
1505 499 1597 559 snum,
1613 487 1702 547 dixit:
1717 490 1747 548 ln
1768 466 1807 522 Ἴ

107 581 139 639 iit
157 593 218 635 cum
239 575 414 635 discessisset
434 575 567 648 anqelus,
588 577 636 648 qui
659 577 820 647 loquebatur
841 575 894 643 itti,
946 577 1063 634 veritate
1077 577 1212 650 comperi,
1226 578 1355 650 quianon
1370 586 1605 650 ettpersonernm
1619 593 1748 656 acceptor

106 673 203 730 vocavit
215 669 284 726 duos
298 669 466 728 dornesticoe
480 683 566 736 suos,
587 676 618 726 et
636 669 753 726 militem
768 676 895 726 metuan·
946 668 1019 726 neus
1034 688 1040 726 :
1057 670 1105 726 sed
1117 670 1144 727 ιι
1159 671 1234 728 omni
1248 681 1349 742 gente,
1364 671 1409 743 qui
1424 672 1502 730 timet
1515 687 1578 730 eust
1588 713 1598 741 ,
1609 684 1637 730 et
1649 688 1747 746 opera·

105 779 156 825 tem
168 764 322 835 boninum,
337 781 373 822 ex
386 765 431 822 bis
443 765 490 836 qui
504 764 545 822 illi
560 767 706 837 parebant.
721 765 895 833 Quibuscum
944 762 1144 834 turiustitiam,
1166 775 1296 836 aceeptus
1310 773 1353 820 est
1365 763 1414 822 illi.
1435 765 1556 823 Verbum
1581 767 1654 825 misit
1673 769 1746 826 bens

105 866 235 918 narrasset
247 857 447 926 omnis,rnisit
457 857 522 916 iilos
534 857 561 915 in
578 857 697 929 ioppen.
716 857 830 916 Postera
845 873 895 914 au·
943 857 1009 915 liliis
1022 858 1118 927 lsrael,
1131 860 1295 916 annuntians
1310 873 1406 930 paoem
1429 859 1587 930 periesum
1606 860 1746 920 mutarunt

104 969 153 1016 tem
173 958 216 1015 die
234 959 287 1015 iter
299 957 359 1015 iilis
377 956 557 1026 iacientibus,
567 964 596 1014 ct
609 957 894 1031 appropinquantibus
944 949 1002 1024 (bic
1016 959 1058 1008 est
1070 952 1193 1008 omniunt
1209 951 1367 1025 Dominus).
1391 951 1448 1010 Vos
1467 954 1544 1011 scitis
1558 955 1630 1026 qnod
1645 955 1747 1014 laetum

103 1050 215 1120 civitati,
242 1049 367 1108 aseendit
388 1050 485 1108 Petms
508 1051 535 1106 ιι
556 1051 721 1122 superiora,
750 1061 780 1106 ut
800 1059 895 1107 oraret
943 1053 988 1101 est
998 1043 1113 1102 verbum
1128 1059 1177 1117 per
1192 1045 1346 1102 universnm
1359 1044 1502 1104 sudeam:
1519 1049 1651 1121 incipiens
1671 1051 1746 1107 euim

102 1147 166 1204 eirca
176 1144 272 1200 ιοιιιι
285 1152 400 1200 sesiam.
418 1144 452 1200 iit
461 1158 523 1202 eum
534 1145 661 1213 esuriret,
672 1144 757 1200 voluit
770 1152 891 1216 gustare.
942 1136 1093 1204 &Gelliam
1104 1147 1167 1210 tioil
1176 1138 1345 1211 baptismum
1358 1140 1430 1211 quod
1444 1141 1602 1213 predicavit
1611 1143 1745 1216 loannes,

102 1236 256 1295 Parentibus
276 1244 367 1292 autem
384 1235 459 1304 illis,
484 1236 584 1294 cecidit
606 1251 689 1307 snper
712 1251 774 1292 eum
792 1237 893 1292 metitis
942 1230 1037 1289 Jesum
1053 1231 1218 1290 aNasaretb
1231 1253 1238 1288 ι
1251 1234 1390 1308 quomodo
1401 1238 1481 1294 unxit
1492 1251 1553 1294 eum
1566 1238 1669 1310 Spiritu
1682 1255 1747 1298 san·

102 1345 243 1390 excessus:
266 1339 295 1388 et
311 1330 379 1386 vidit
392 1329 492 1388 caelum
507 1339 649 1403 apertum,
672 1340 701 1386 ιι
722 1330 892 1387 ιιιιιιιιιι
942 1337 1005 1396 ιιι,
1021 1334 1049 1382 ιι
1063 1327 1187 1396 ιιιιιιι,
1205 1327 1254 1399 qni
1269 1329 1428 1400 pertransiit
1441 1329 1637 1389 benefaciendo
1655 1345 1682 1390 et
1700 1349 1744 1392 sa·

101 1439 142 1481 vas
154 1422 301 1494 quoddam,
314 1423 388 1480 velut
399 1423 515 1480 linteum
527 1425 795 1495 magnumquatuor
807 1423 894 1480 initiis
942 1419 1035 1478 nando
1049 1434 1146 1478 omnes
1169 1435 1316 1494 oppressos
1340 1436 1356 1479 a
1374 1421 1502 1496 diabolo,
1528 1428 1655 1500 qnonimn
1671 1429 1745 1488 bens

101 1518 214 1575 submitti
236 1518 273 1574 dc
294 1517 367 1576 emto
390 1517 419 1573 in
439 1524 557 1586 ιιιιιιι,
578 1517 606 1572 ιι
622 1531 678 1590 quo
699 1525 779 1574 erunt
798 1517 892 1574 omnia
942 1525 1003 1574 erat
1025 1532 1087 1574 cum
1109 1517 1167 1574 illo.
1187 1516 1223 1573 tit
1238 1531 1289 1576 nos
1313 1527 1398 1576 testes
1415 1533 1509 1577 sumas
1531 1523 1743 1595 omniumque

100 1611 277 1684 quadrupedia
289 1653 298 1680 ,
310 1621 340 1668 ιι
353 1619 497 1685 serpentes
513 1618 614 1682 terrm,
634 1619 662 1668 et
676 1610 798 1668 volatitia
815 1611 890 1669 roeli.
943 1611 1007 1670 lecit
1019 1611 1046 1668 in
1062 1613 1175 1685 regione
1185 1611 1343 1670 ludaeorum
1356 1653 1365 1683 ,
1378 1624 1406 1671 et
1417 1613 1585 1684 ierusalem,
1597 1631 1677 1690 quem
1691 1633 1741 1674 oc·

100 1707 130 1764 Et
144 1706 208 1764 taeta
232 1716 277 1764 est
293 1719 345 1763 vox
363 1705 473 1762 adeum
487 1723 495 1762 ε
512 1706 617 1778 Surqe,
633 1705 730 1778 Petro,
745 1707 850 1772 occide,
863 1716 892 1764 et
942 1707 1069 1765 ciderunt
1083 1707 1284 1780 suspendentes
1296 1709 1322 1765 iu
1336 1709 1421 1782 liquo.
1442 1711 1523 1769 Hunc
1537 1712 1610 1770 Deus
1622 1713 1742 1770 suscita·

99 1805 236 1861 manduca.
257 1801 406 1860 litantem
419 1801 536 1859 Petrus:
549 1801 648 1870 Absit,
669 1801 806 1870 bomine,
828 1802 890 1874 qnia
942 1801 982 1856 vit
995 1801 1076 1858 tertia
1089 1800 1153 1872 die,
1178 1807 1207 1859 et
1220 1802 1296 1860 dedit
1313 1818 1376 1861 eum
1394 1805 1568 1862 manitestum
1583 1807 1661 1879 deri,
1685 1820 1739 1864 non

98 1913 240 1971 utinquam
262 1897 427 1955 nrarrducavi
452 1911 536 1955 omne
552 1912 698 1954 commune
721 1906 750 1953 et
771 1897 890 1953 immun·
904 1881 929 1944 Β
942 1896 1016 1952 omni
1031 1895 1149 1968 populo,
1169 1896 1217 1955 sed
1232 1895 1347 1954 testibus
1358 1894 1549 1968 preordinatis
1562 1915 1577 1956 a
1590 1901 1667 1958 Deos
1691 1919 1741 1960 nn·

100 1993 165 2050 dum.
186 1994 221 2050 ιι
243 2007 297 2049 rox
316 1992 418 2050 iterum
433 1989 557 2048 ιιιιιιιι
569 1990 603 2047 ιι
621 2005 702 2048 eum:
717 1989 796 2060 Quod
810 1989 886 2046 lieus
940 1987 998 2057 bis,
1024 1989 1070 2059 qui
1093 1989 1322 2046 manducavimus
1338 1998 1366 2047 et
1377 1991 1497 2050 bibimus
1511 2006 1573 2050 eom
1588 1993 1649 2064 illo,
1667 2001 1741 2068 post·

98 2086 260 2160 pertimuit,
277 2094 307 2142 tn
325 2099 469 2144 commune
484 2099 520 2142 ιι
534 2083 649 2142 ιιιιιιι.
671 2083 729 2142 iioc
743 2093 835 2142 autern
850 2084 891 2142 la·
939 2095 1022 2154 quam
1037 2080 1189 2140 ιιιιιιιιιιι
1203 2096 1218 2138 ι
1230 2082 1357 2140 mortuis.
1378 2082 1414 2139 Et
1425 2087 1555 2158 pracepit
1574 2085 1653 2144 nobis
1672 2103 1744 2160 prae-

98 2193 162 2240 eturu
180 2193 225 2241 ιιι
249 2197 299 2255 per
323 2192 387 2238 tera
407 2189 437 2239 et
457 2180 550 2238 statim
572 2188 713 2251 receptum
733 2189 776 2237 est
797 2195 846 2236 ras
860 2180 889 2236 in
939 2174 1033 2233 dicare
1048 2177 1160 2248 populo,
1174 2183 1203 2234 et
1217 2177 1380 2250 testilieari,
1395 2180 1459 2253 qula
1474 2181 1534 2254 ipse
1548 2192 1601 2252 ιιι,
1615 2183 1741 2256 quicun-

100 2276 199 2334 retum.
220 2274 257 2332 Et
271 2274 336 2331 dum
348 2272 420 2330 intra
433 2287 464 2330 se
477 2273 620 2330 hesitaret
633 2271 745 2341 Petrus,
758 2270 889 2344 quidnam
940 2269 1055 2327 stitutus
1074 2277 1117 2328 est
1139 2284 1154 2326 a
1176 2271 1236 2328 Deo
1254 2272 1337 2344 iudex
1359 2274 1484 2330 visorum
1504 2283 1532 2333 et
1555 2286 1738 2338 mortuorum.

98 2367 252 2434 cervisie,
266 2381 348 2438 quam
361 2365 495 2423 uidisset:
512 2379 576 2422 cccc
589 2363 651 2433 viri,
664 2362 709 2435 qui
724 2363 890 2420 miseierant
940 2367 1011 2424 iiuic
1034 2383 1130 2426 omnes
1152 2371 1293 2441 prophete
1308 2371 1494 2428 testimonium
1515 2372 1681 2446 perbibent,
1699 2389 1743 2434 re-

99 2459 570 2533 adornelio,inquirentesdomum
585 2459 726 2526 Simonis,
742 2457 889 2515 astiterunt
940 2461 1100 2519 missionem
1131 2471 1306 2535 peccatorum
1338 2463 1464 2536 accipere
1488 2481 1538 2537 pet·
1558 2481 1658 2525 nomen
1681 2467 1741 2540 ejvs

99 2556 255 2628 adjanuam.
270 2554 307 2612 Et
323 2567 387 2612 oum
399 2563 559 2620 vocassent,
572 2551 794 2624 interrogabant,
806 2550 831 2606 si
846 2549 890 2607 si·
939 2567 1037 2610 orttncs
1058 2554 1105 2626 qui
1127 2553 1245 2611 eredunt
1258 2556 1285 2611 ιι
1299 2570 1372 2614 eum.
1400 2557 1497 2615 atine
1515 2559 1645 2632 loquente
1659 2561 1743 2620 Petro

99 2667 170 2722 mou,
184 2651 233 2724 qui
245 2649 456 2723 cognominatur
469 2633 584 2714 Petms,
597 2647 654 2704 illie
669 2645 782 2703 baberet
796 2644 890 2716 bospi-
940 2645 1024 2702 verba
1036 2649 1105 2717 liaeo,
1119 2645 1220 2704 cecidit
1234 2646 1355 2720 Spiritus
1365 2656 1475 2707 sanctus
1486 2665 1570 2724 super
1581 2666 1678 2709 omnes
1695 2655 1742 2726 qni

98 2748 166 2807 ιιιιι.
187 2747 274 2806 Petro
295 2753 385 2803 autern
401 2744 539 2818 ouqitante
552 2741 586 2798 vie
602 2743 722 2809 visione,
739 2739 809 2796 dixit
827 2739 889 2812 Spi·
940 2737 1090 2801 audiebant
1109 2744 1236 2802 verbum.
1261 2743 1296 2802 Et
1314 2745 1515 2818 obstupuerunt
1537 2763 1573 2805 ex
1597 2749 1743 2806 circumci-

98 2843 159 2900 ritus
175 2842 226 2898 ei:
248 2839 321 2898 Ecce
339 2836 392 2894 viri
408 2847 465 2894 tres
479 2845 605 2908 quaerum
621 2843 657 2892 tc.
685 2833 772 2905 sturqe
785 2832 889 2903 itaque,
940 2837 1019 2894 sione
1041 2835 1155 2908 lideles,
1176 2837 1223 2909 qui
1239 2847 1371 2896 venerant
1392 2853 1454 2896 oum
1476 2840 1577 2898 Petro:
1594 2842 1656 2914 qnia
1670 2849 1697 2898 et
1712 2841 1741 2900 in

98 2933 244 3001 docende,
258 2941 286 2990 ιι
303 2931 374 2989 vade
388 2945 450 2987 cum
469 2931 511 2988 eis
523 2929 591 2986 nibil
607 2927 752 2983 dubitans:
765 2926 891 2998 quincqo
940 2929 1066 2986 nationes
1077 2928 1164 3002 qratia
1177 2929 1298 3002 Spiritus
1313 2932 1398 2989 sancti
1413 2931 1498 2989 eiiusa
1513 2939 1565 2990 est.
1587 2933 1742 2993 audiebant

97 3029 152 3086 misi
168 3027 243 3084 ilios.
269 3025 445 3084 Descendens
466 3033 557 3080 autem
575 3023 674 3080 Pelliti
692 3019 727 3078 «td
743 3020 832 3085 titillo
847 3017 891 3074 di·
939 3029 1012 3082 enirn
1024 3025 1085 3082 illus
1098 3024 1241 3096 loquentes
1257 3027 1367 3099 linquis,
1382 3036 1410 3083 et
1419 3027 1625 3101 magnificantes
1636 3027 1733 3091 Deum.

98 3123 150 3180 xil:
166 3123 238 3179 Ecce
259 3135 311 3192 oso
329 3135 391 3177 sitm
407 3134 489 3190 (tuem
501 3118 645 3190 diffidi-li
661 3129 722 3188 qum
735 3127 819 3171 0³¹¹*ss
833 3119 886 3180 ιιι,
939 3117 1016 3176 Tunc
1032 3119 1174 3189 respondit
1194 3119 1312 3178 Petrus:
1336 3118 1472 3193 Numquid
1489 3136 1584 3194 aquam
1598 3124 1660 3195 quis
1676 3138 1740 3196 pro·

98 3227 203 3288 prodiet
223 3229 306 3287 (11111111
336 3209 472 3271 vendidi?
496 3209 550 3280 0¹11
570 3208 718 3265 diseruut:
740 3203 887 3262 Clrsselllli
938 3212 1035 3270 bibere
1050 3223 1160 3286 potest,
1181 3224 1211 3270 ut
1225 3229 1279 3270 non
1292 3213 1464 3286 baptizentur
1478 3213 1506 3272 bi
1519 3258 1528 3285 ,
1542 3217 1589 3288 qni
1606 3215 1738 3288 Spiritum

97 3309 242 3378 Centurio,
255 3309 298 3366 vir
310 3306 421 3380 justos,
441 3313 470 3363 et
488 3305 589 3362 timens
603 3303 689 3360 Deum
701 3343 710 3371 ,
724 3311 752 3358 et
765 3300 888 3358 testimo·
900 3275 925 3340 (ἶ
939 3315 1066 3364 sanetum
1087 3316 1252 3380 acceperunt
1267 3307 1340 3364 sicut
1352 3317 1381 3366 et
1399 3308 1471 3366 nesi
1485 3307 1520 3364 iit
1532 3309 1614 3381 jussit
1628 3325 1675 3366 ees
1690 3311 1740 3367 ba·

98 3402 164 3458 nium
175 3401 280 3459 babens
290 3401 324 3456 ab
340 3399 467 3456 universa
479 3405 561 3472 gente
573 3396 748 3465 luteorum,
769 3407 887 3464 raspon-
940 3400 1036 3471 ptisari
1048 3402 1075 3457 in
1091 3400 1202 3458 nomine
1223 3399 1332 3458 Domini
1356 3400 1421 3460 lesu
1436 3401 1549 3459 Christi.
1569 3401 1647 3461 'luno
1663 3419 1742 3476 roga-

98 3498 267 3570 sumaceepit
276 3495 312 3552 ab
321 3495 421 3568 angelo
430 3502 539 3562 sancto,
549 3493 685 3550 accersire
697 3499 724 3547 te
734 3490 761 3547 iu
775 3489 887 3546 donnum
939 3503 1038 3550 verunt
1053 3509 1128 3560 enm,
1144 3505 1172 3549 ut
1186 3501 1312 3552 maneret
1325 3494 1395 3567 apud
1407 3509 1456 3552 eus
1470 3496 1575 3568 aliquot
1589 3496 1697 3555 diebus.

98 3603 177 3659 suam,
193 3599 222 3648 ιι
233 3589 330 3646 audire
341 3587 426 3645 rerba
437 3587 488 3644 abs
502 3595 539 3644 ιι.
554 3584 732 3642 Ιιιιιιιιιιι
747 3598 813 3655 erqo
826 3597 886 3652 eos,
976 3588 1055 3663 [cop.
1067 3586 1126 3662 xi]
1143 3587 1297 3644 Audierunt
1315 3599 1405 3645 autem
1426 3589 1568 3661 Apostoli,
1586 3599 1614 3648 et
1630 3589 1741 3661 iratres,

97 3689 195 3757 reecpit
209 3683 338 3756 bospitio.
359 3681 491 3753 Sequenti
506 3689 596 3738 ιιιιιι
610 3679 654 3736 ιιι
668 3693 783 3752 surgens
796 3676 889 3750 prole·
939 3682 1079 3756 quierant
1101 3681 1129 3738 ιι
1149 3681 1243 3738 iudaea
1256 3726 1264 3753 ,
1279 3682 1407 3751 quoniam
1424 3689 1452 3737 ιι
1467 3689 1563 3754 gentes
1576 3689 1743 3754 receperunt

99 3788 152 3834 otus
164 3787 207 3836 ιιι
221 3792 282 3834 eum
294 3775 370 3834 illis:
385 3784 413 3832 et
426 3774 537 3848 quidam
550 3789 585 3830 ιι
598 3772 730 3829 iratribus
749 3770 784 3827 ab
798 3769 886 3842 ioppe
939 3774 1053 3831 verbum
1068 3773 1127 3830 ttet.
1148 3771 1216 3830 Cum
1231 3781 1322 3830 nutem
1342 3772 1512 3831 ascendisset
1536 3774 1633 3832 Petrus
1655 3773 1738 3833 Jeru-

98 3873 213 3931 oonritati
225 3883 292 3932 sunt
305 3887 379 3932 auor.
411 3870 504 3940 Altera
520 3879 611 3927 autern
633 3869 678 3925 ιιι
691 3866 817 3924 introivit
828 3865 889 3922 Cae-
938 3867 1084 3940 solytrtam,
1100 3865 1294 3938 disceptabant
1306 3865 1440 3924 adversus
1455 3862 1541 3938 illum,
1555 3867 1692 3939 quierant
1706 3881 1740 3925 ιι

98 3981 209 4024 saroam
230 3967 375 4024 cornelius
396 3979 465 4022 vero
487 3962 666 4035 exspectabat
688 3962 762 4030 illos,
786 3977 889 4018 convo-
938 3963 1169 4032 circumcisione,
1190 3955 1322 4019 'dicentes
1335 3979 1342 4017 ι
1357 3962 1449 4032 Quare
1470 3962 1587 4020 introisti
1610 3963 1645 4021 ad
1664 3963 1739 4022 viros

97 4060 160 4116 cetis
169 4061 293 4133 eoquatia
304 4059 380 4129 suis,
396 4065 425 4115 ιι
434 4057 597 4115 necessariis
610 4055 717 4112 amicis.
737 4054 771 4112 iit
785 4052 887 4110 iactum
938 4055 1103 4129 preputium
1118 4053 1262 4124 babentes,
1284 4062 1312 4112 ot
1332 4055 1507 4112 manducasti
1524 4071 1586 4112 cum
1599 4053 1675 4113 illisi
1695 4055 1740 4114 lu-

98 4162 136 4209 est
147 4169 209 4212 eum
221 4151 485 4215 lotroissetPetrus,
498 4149 685 4208 obviusvenit
696 4147 721 4206 ei
732 4147 887 4218 Cornelius,
938 4147 1044 4219 cipicns
1069 4157 1160 4205 antem
1182 4146 1282 4204 Petrus
1299 4147 1454 4220 exponebat
1466 4147 1522 4206 illis
1542 4148 1683 4219 ordinem,
1698 4147 1740 4207 di-

97 4255 122 4303 ιι
138 4246 281 4318 procidens
301 4245 336 4304 ad
360 4244 444 4318 pedes
467 4243 527 4315 eius
548 4243 683 4303 adoravit.
703 4241 801 4300 Petrus
821 4255 888 4298 vero
939 4255 1007 4300 cens
1022 4257 1030 4298 ε
1047 4241 1105 4314 ligo
1117 4255 1192 4308 cram
1207 4241 1235 4296 ιι
1250 4239 1360 4298 ιιιιιιιι
1372 4241 1459 4313 ioppe
1471 4255 1568 4313 orans,
1589 4235 1618 4300 et
1638 4241 1693 4300 vidi
1711 4241 1739 4300 ln

97 4338 207 4396 elevavit
219 4355 294 4409 euro,
305 4338 403 4396 dicens
414 4356 421 4394 :
434 4337 533 4410 Surge,
545 4345 575 4395 et
585 4351 636 4409 eqo
647 4334 706 4408 ipse
716 4333 798 4392 bomo
813 4348 886 4391 sunt.
938 4349 1054 4394 excessu
1074 4335 1174 4392 mentis
1186 4333 1340 4403 visionem,
1355 4333 1527 4394 descendens
1541 4349 1588 4392 ιιι
1603 4335 1739 4409 quoddam

97 4430 252 4506 Etioqnens
266 4448 330 4490 ιιιι
350 4433 399 4488 ιιιι
420 4433 549 4500 intravit,
563 4440 592 4488 ιι
604 4430 708 4487 ιιιιιιι
728 4428 829 4486 ιιιιιιι
841 4427 887 4500 qui
939 4430 1015 4487 velut
1035 4429 1147 4487 timeum
1169 4443 1298 4502 magnum
1320 4437 1437 4500 quatuor
1457 4427 1542 4486 initiis
1557 4429 1689 4486 summitti
1706 4427 1741 4488 de

97 4533 274 4583 convenerant
287 4545 294 4584 :
308 4524 435 4597 dixitque
447 4522 481 4581 ad
496 4522 579 4583 illes:
594 4522 737 4580 Vosecitis
747 4521 887 4595 quomodo
938 4522 1021 4590 eoelo,
1033 4528 1062 4579 et
1075 4521 1149 4578 venit
1162 4535 1250 4594 usque
1270 4520 1304 4578 ιι
1319 4537 1373 4578 ιιι.
1394 4519 1422 4576 ln
1438 4521 1511 4594 quod
1523 4521 1633 4580 intuens
1645 4523 1738 4580 consi-

97 4616 276 4676 abominatnm
292 4618 329 4675 sit
342 4619 402 4674 viro
414 4615 527 4683 Judaeo,
541 4616 673 4689 conjungi
691 4625 739 4672 aut
752 4615 886 4673 accedere
938 4619 1068 4675 derebam
1082 4659 1090 4688 ,
1105 4627 1134 4676 et
1146 4617 1202 4674 vidi
1215 4617 1400 4690 quadrupedia
1420 4629 1516 4684 terrac,
1535 4625 1562 4674 et
1573 4617 1695 4687 bestias,
1711 4625 1739 4675 et

97 4708 128 4766 ad
139 4711 337 4784 alienigenam:
361 4709 410 4766 sed
425 4709 492 4765 mibi
505 4708 626 4766 ostendit
643 4709 735 4777 lleus,
750 4707 885 4765 neminem
898 4679 927 4745 D
939 4715 1066 4786 reptilia,
1090 4720 1117 4771 et
1131 4713 1253 4770 volatilia
1276 4712 1350 4770 omli.
1371 4711 1468 4769 nudtvt
1492 4721 1581 4768 autem
1595 4719 1623 4767 et
1637 4725 1733 4768 vocem

97 4817 261 4862 communen
283 4812 333 4860 ant
352 4802 524 4860 inmundum
539 4801 632 4860 dicere
644 4802 798 4860 bominem.
818 4801 887 4858 Pro·
939 4808 1074 4867 dicentem
1087 4807 1173 4865 mint:
1190 4807 1294 4880 Surge,
1312 4806 1409 4873 Petne,
1426 4805 1532 4875 οιιιιι,
1549 4813 1577 4862 ιι
1590 4804 1736 4862 munduca.

97 4906 155 4968 pter
169 4901 238 4973 qaod
261 4900 323 4958 sine
340 4899 513 4957 dubitatione
531 4899 594 4958 veni
616 4899 778 4956 accersitus.
802 4897 889 4957 loter-
940 4902 1126 4960 llixiautem:
1151 4899 1344 4973 Nequaquam,
1360 4898 1486 4957 bomine.
1507 4897 1575 4969 Quia
1591 4911 1738 4954 commune

96 5005 247 5070 roquerqo,
262 5010 344 5070 quam
357 4995 513 5053 obesusarn
523 4994 681 5051 accersistis
691 4992 807 5052 metm
821 4993 888 5051 Cor·
939 5006 986 5053 aut
1011 4989 1182 5054 immundum
1206 5011 1353 5068 numquam
1380 4995 1506 5052 introivit
1527 4995 1553 5048 in
1579 5009 1609 5049 οι
1635 5005 1737 5048 meum.

96 5091 181 5150 nelius
193 5095 249 5150 ait:
270 5092 295 5151 d
320 5093 516 5165 nudiusquarta
538 5091 583 5148 die
595 5105 683 5162 usque
698 5090 732 5147 ad
748 5091 819 5148 banc
834 5089 886 5148 bo·
939 5091 1093 5165 Respondit
1114 5099 1205 5148 eutem
1220 5105 1273 5146 vox
1288 5089 1410 5148 secundo
1429 5087 1464 5145 de
1480 5087 1570 5145 coelo:
1585 5085 1650 5156 Qum
1665 5083 1739 5142 Dens

96 5197 171 5253 rato,
187 5201 362 5246 manseram
377 5185 445 5243 bora
460 5199 532 5242 nona
545 5186 571 5241 in
583 5185 666 5242 domo
679 5199 759 5256 mea,
780 5194 809 5242 et
821 5199 886 5242 ecee
938 5187 1096 5254 mundavit,
1122 5195 1150 5243 tu
1174 5201 1208 5243 ne
1227 5199 1372 5242 commune
1390 5181 1501 5239 dixeris.
1522 5177 1580 5237 ιιοι
1592 5187 1682 5236 autem
1696 5177 1738 5234 ia·

95 5277 136 5332 vir
147 5282 219 5337 stetit
232 5289 297 5338 ante
312 5294 357 5337 me
371 5281 398 5336 in
412 5292 491 5338 veste
502 5278 632 5348 candida,
648 5287 675 5336 et
686 5279 742 5334 ait:
764 5279 885 5347 Corneli,
937 5292 1011 5344 etum
1025 5290 1067 5340 est
1082 5297 1131 5352 per
1147 5289 1209 5338 ter:
1233 5289 1261 5336 et
1278 5287 1388 5350 recepta
1401 5284 1465 5332 sunt
1480 5275 1572 5331 omnia
1586 5287 1696 5330 rursum
1710 5273 1738 5330 ln

97 5371 215 5429 eranotn
230 5382 272 5430 est
286 5373 374 5430 oratio
390 5382 448 5440 tua,
462 5372 685 5445 eteleemosynoe
700 5383 753 5429 tuae
765 5388 888 5431 comme·
937 5379 1050 5435 suetum.
1071 5377 1104 5432 iit
1123 5389 1188 5433 ecee
1211 5373 1263 5430 viri
1286 5381 1341 5428 tres
1368 5367 1512 5427 confestim
1540 5369 1686 5426 astiterunt
1711 5367 1738 5423 in

96 5471 203 5520 morale
216 5475 280 5522 sunt
300 5468 328 5522 ln
351 5473 500 5537 conspectu
523 5465 581 5522 liei.
600 5465 678 5524 ititte
700 5481 765 5539 erqo
782 5468 809 5522 ιι
822 5466 886 5538 iop-
937 5471 1032 5537 domo,
1047 5469 1075 5526 ln
1090 5483 1141 5540 qua
1155 5482 1230 5525 erem
1245 5509 1251 5532 ,
1267 5465 1343 5523 missi
1365 5480 1381 5522 a
1399 5464 1524 5521 casarea
1544 5462 1577 5519 ad
1592 5477 1647 5519 mc.
1665 5462 1738 5519 Dixit

96 5566 159 5622 pen,
173 5563 199 5612 ιι
209 5541 314 5615 accersi
328 5557 482 5628 Simonem,
493 5557 759 5630 quiceqnominatur
770 5559 883 5617 Petrus:
938 5573 1030 5620 autem
1044 5561 1162 5634 Spiritus
1177 5561 1243 5617 milri
1257 5605 1263 5630 ,
1285 5566 1313 5613 ut
1333 5559 1400 5614 irem
1415 5555 1562 5624 cumillis,
1576 5555 1643 5612 nibil
1657 5554 1740 5612 nest-

96 5643 140 5701 ιιι
154 5647 301 5722 inspicatur
315 5652 342 5709 in
357 5652 441 5710 domo
452 5652 573 5710 Simonis
586 5655 786 5727 coriariijuxta
797 5671 883 5714 mare.
938 5669 1010 5717 tans.
1031 5657 1173 5716 Venerunt
1187 5664 1279 5713 autom
1292 5669 1399 5712 meorum
1413 5660 1442 5712 et
1453 5667 1500 5711 sex
1516 5653 1614 5711 iratres
1633 5653 1677 5708 isti
1690 5695 1697 5720 ‚
1710 5660 1738 5709 et

98 5733 239 5800 Confestim
252 5759 319 5817 erqo
332 5745 395 5801 misi
408 5745 442 5802 ad
455 5756 481 5802 te
496 5765 503 5802 :
518 5757 546 5803 et
558 5759 585 5803 tu
597 5747 757 5805 benefecisti
771 5751 886 5807 venien·
938 5751 1055 5826 ingressi
1067 5766 1161 5809 snmus
1177 5752 1203 5808 in
1218 5749 1330 5807 domuum
1348 5751 1409 5807 viri.
1442 5747 1569 5807 Narravit
1582 5756 1673 5804 autem
1691 5759 1739 5802 no-

96 5827 143 5888 do.
160 5835 233 5896 Nunc
251 5855 316 5913 erqo
330 5855 427 5899 omnes
447 5855 498 5899 nos
518 5846 546 5897 tn
566 5852 716 5915 conspeetu
741 5853 786 5900 tuo
800 5844 884 5900 adso·
937 5848 992 5917 ιιι,
1005 5844 1144 5919 quomodo
1165 5844 1277 5902 vidisset
1291 5844 1425 5918 Angelum
1445 5845 1472 5900 in
1490 5843 1573 5900 domu
1589 5853 1647 5904 sua,
1665 5845 1736 5894 stan·

98 5933 374 6001 11ιιιιιιιιιιιιιιι
388 5951 568 6012 quacumque
579 5939 627 5996 tibi
641 5949 777 6013 precepta
791 5950 884 6000 sunta
939 5953 996 6004 tem
1011 5951 1039 6004 et
1052 5941 1190 6002 dicentem
1204 5941 1257 6000 sibi
1273 5957 1282 6004 ι
1304 5939 1379 6002 biitte
1400 5942 1427 6000 in
1450 5939 1556 6012 ioppen
1570 5979 1578 6011 ,
1592 5943 1620 5996 et
1633 5931 1739 5992 accersi
