4017 6334
300 315 355 373 ιιι
815 313 848 374 s.
867 311 1060 374 ommutui
1078 297 1194 376 ntvml
1213 313 1453 376 atmtorucct.
1884 321 1930 383 ιι(

304 432 389 489 lieres
404 429 472 487 viris
483 431 543 488 suis
555 432 584 488 in
597 433 736 490 omuibus.
768 433 825 492 liri
840 476 848 501 ,
877 434 981 508 diligite
1009 439 1145 499 uxoresh
1160 436 1249 494 minas
1265 425 1404 496 :scientes
1418 434 1482 508 quia
1497 441 1525 492 et
1537 433 1662 499 illorum,
1675 440 1703 490 et
1718 439 1807 494 vester
1819 433 1931 497 hominus

303 524 1106 599 vestras,sicutetchristasdltentaeclesiam,etsetpsun
1160 538 1203 587 cst
1217 531 1243 586 iu
1260 531 1338 588 coelis
1354 548 1360 584 :
1377 539 1405 586 ct
1421 542 1601 600 personarum
1617 527 1743 596 acceptio
1755 539 1805 582 nun
1821 539 1859 585 cst
1871 533 1930 602 upud

305 616 420 674 tradidit
431 632 538 690 proca,
553 626 584 675 ut
596 619 674 678 illato
688 622 894 692 sanctificaret,
912 622 1048 678 mundans
1068 620 1107 676 lo·
1158 640 1232 681 eum.
1247 624 1286 680 lle
1297 631 1408 689 cadero,
1423 623 1535 694 iratres,
1556 618 1748 678 confortamini
1766 620 1792 676 iu
1814 620 1931 692 homino,

304 728 388 772 vacro
401 727 480 787 aquae
493 715 521 770 in
535 715 620 772 verbo
634 726 649 755 ⁸
663 718 742 784 vite,
760 728 790 774 ιιι
804 718 949 776 exhiberet
972 719 1032 790 ipse
1054 716 1106 774 sibi
1158 727 1186 776 et
1200 721 1225 776 ln
1240 720 1362 792 potentio
1377 718 1487 776 virtutis
1510 718 1580 790 eius.
1594 715 1701 774 luduita
1711 731 1759 773 vos
1772 715 1839 788 ilis.
1853 716 1931 776 lndui·

304 808 452 882 gloriosam
468 809 632 879 Ecclesiam,
651 828 705 869 non
727 812 874 870 habentem
889 813 1044 879 maculam,
1060 821 1107 868 aut
1158 813 1235 886 mini]
1250 822 1416 872 armaturam
1432 814 1491 884 liei,
1504 822 1533 869 ut
1543 812 1654 884 possitis
1664 811 1930 870 stareadtersusinsi-

304 919 412 977 rugant,
424 915 471 962 aut
485 904 587 977 aliquid
599 905 767 977 huiusmodi,
780 906 830 964 sed
852 918 882 963 ut
903 908 939 964 sit
962 917 1056 964 saneta
1079 915 1106 962 et
1157 909 1217 966 dias
1230 907 1343 968 diaboli.
1359 907 1494 978 Quoniam
1508 923 1562 964 non
1577 918 1619 964 est
1638 906 1718 963 nohis
1733 904 1881 963 colluctatio
1897 906 1931 962 ad·

303 999 489 1058 immaculata.
505 999 543 1056 lta
560 1008 589 1056 ct
603 1000 654 1056 viri
669 999 771 1058 debent
781 1002 896 1073 diligere
911 1016 1012 1057 uxores
1025 1015 1104 1068 suas,
1157 1016 1253 1060 versus
1264 1015 1376 1059 carnem
1392 1007 1421 1060 ct
1435 1001 1618 1075 sanguinem,
1634 999 1683 1056 scd
1697 998 1827 1056 adversus
1848 998 1931 1070 priuci-

189 1111 196 1118 ·
303 1103 334 1150 ut
347 1109 462 1166 corpora
477 1109 538 1152 sua.
552 1094 604 1164 Qui
625 1109 704 1152 suum
719 1111 834 1153 uxorem
852 1096 963 1168 diligit,
984 1095 1104 1166 seipsum
1157 1109 1215 1164 pes,
1232 1103 1261 1152 ot
1273 1103 1435 1167 potestates,
1446 1095 1581 1152 adversus
1594 1093 1688 1150 mundi
1697 1101 1817 1150 rectores
1826 1091 1932 1149 tenebra-

302 1188 402 1260 diligit.
416 1189 501 1246 Nemo
514 1190 588 1247 enim
600 1207 730 1262 umquam
741 1207 855 1250 carnem
874 1207 952 1248 suam
976 1192 1040 1248 odio
1057 1193 1106 1246 ha-
1157 1205 1216 1246 rum
1231 1189 1340 1258 harum,
1351 1198 1448 1247 contra
1464 1189 1618 1262 spiritualia
1634 1187 1763 1260 nequitiae
1775 1228 1783 1254 ‚
1796 1188 1822 1244 iu
1835 1187 1932 1244 colesti·

302 1283 364 1341 buit
375 1301 382 1338 ι
395 1284 444 1341 ssd
459 1286 602 1354 nutricet
615 1287 689 1344 iovet
702 1303 776 1354 earn,
790 1288 861 1344 sieut
872 1285 1035 1345 etChristus
1050 1287 1104 1344 Ec·
1156 1285 1217 1342 bus.
1231 1285 1379 1359 Propterea
1393 1283 1509 1357 accipite
1518 1293 1685 1340 armaturam
1701 1283 1748 1340 liei
1762 1323 1769 1350 ,
1794 1289 1821 1337 ut
1839 1280 1932 1352 possitis

301 1378 413 1439 clesiam
427 1397 434 1433 ι
446 1379 510 1451 qnia
519 1381 642 1438 membra
657 1399 753 1439 sturnus
764 1385 888 1456 corporis
898 1383 969 1454 ejus,
978 1381 1105 1440 decarne
1156 1381 1288 1438 resistere
1301 1382 1328 1434 in
1343 1380 1389 1438 die
1399 1383 1488 1449 malo,
1499 1388 1528 1436 et
1542 1380 1568 1436 in
1587 1379 1713 1436 omnibus
1733 1375 1844 1449 perlecti
1862 1385 1930 1433 stare.

303 1472 364 1544 eius
380 1480 409 1530 st
418 1473 454 1530 de
469 1474 579 1530 ossibus
591 1475 662 1546 cius.
674 1475 791 1550 Propter
805 1477 858 1534 hoc
872 1476 1009 1547 relinquet
1021 1475 1105 1532 homo
1156 1475 1233 1534 State
1245 1475 1449 1549 ergosuccincti
1463 1473 1570 1532 lumbos
1580 1483 1690 1531 vostros
1701 1473 1727 1527 in
1738 1471 1931 1536 acritatemtiu·

302 1577 406 1636 patrem
423 1577 452 1624 ct
469 1576 587 1625 matrem
600 1585 700 1638 suant,
716 1579 745 1626 et
759 1569 913 1627 adherebit
927 1568 1006 1625 uxori
1026 1583 1103 1624 suae:
1156 1565 1214 1624 duti
1231 1567 1343 1624 loricam
1353 1566 1479 1638 iustitiae,
1494 1577 1522 1624 et
1533 1566 1647 1624 calceati
1667 1565 1753 1638 pedes
1769 1564 1795 1620 iu
1815 1577 1931 1635 propara-

299 1666 415 1717 eteruut
425 1661 481 1718 duo
491 1661 518 1718 iu
528 1677 613 1719 carue
626 1679 689 1718 una.
699 1662 907 1722 Sacramentum
917 1663 1104 1736 boemaguum
1155 1660 1231 1718 tione
1246 1659 1387 1734 Evangelii
1403 1663 1478 1732 pacis
1493 1679 1501 1716 ι
1519 1662 1546 1718 io
1557 1660 1684 1718 omnibus
1698 1666 1834 1716 sumentes
1843 1667 1930 1714 scutum

300 1766 416 1826 cst,ego
430 1765 520 1813 autem
536 1758 600 1814 dico
616 1759 644 1814 in
657 1757 768 1816 Christo
789 1767 817 1815 ιι
836 1759 863 1816 iu
888 1759 1026 1816 Ecclesia.
1049 1757 1104 1814 Pe-
1156 1753 1232 1824 lidci,
1249 1757 1276 1812 in
1290 1770 1345 1826 ouo
1358 1755 1472 1828 possitis
1494 1757 1587 1812 otunia
1610 1755 1662 1811 tela
1690 1751 1849 1826 nequissimi
1869 1752 1931 1824 iguea

299 1859 454 1907 rumtamen
466 1859 495 1908 et
505 1867 555 1906 vos
570 1853 684 1925 singuli,
699 1854 888 1926 uuusquisque
899 1869 1015 1910 uxorem
1022 1867 1098 1910 suam
1113 1849 1138 1912 B
1152 1853 1326 1922 exstinguere
1342 1869 1348 1904 ι
1361 1864 1390 1906 ιι
1403 1849 1508 1922 galeam
1523 1849 1619 1906 salutis
1630 1848 1778 1914 assumite;
1789 1855 1816 1904 et
1831 1846 1930 1920 gladium

295 1940 495 2013 sicutseipsum
505 1943 612 2012 diligat:
623 1919 1101 2002 uxoreuten'btttneatvirurnsuum.
1154 1947 1271 2018 spiritus
1285 1944 1370 2018 (quod
1385 1954 1428 2001 est
1439 1943 1554 2001 verbum
1567 1941 1642 2016 Dei),
1657 1957 1707 2014 per
1727 1956 1834 1998 omnem
1849 1937 1932 1996 oratio
1956 1981 1960 1990 .

335 2030 411 2106 [Cap.
433 2033 491 2106 tt]
507 2035 580 2104 Filii,
594 2036 705 2094 obedite
718 2036 876 2109 parentibus
891 2037 993 2094 vestris
1009 2039 1035 2094 in
1052 2040 1104 2095 llo·
1155 2053 1217 2096 rtem
1233 2049 1261 2096 et
1273 2038 1497 2094 obsecrationem
1513 2046 1624 2094 orantes
1632 2037 1706 2093 omui
1720 2045 1841 2106 tempore
1853 2035 1877 2090 in
1889 2033 1932 2103 api·

299 2123 376 2180 mins
391 2142 398 2181 ι
414 2125 468 2183 hoo
486 2125 560 2182 cuim
576 2127 681 2198 iustum
703 2136 758 2184 est.
774 2129 883 2186 llouora
899 2140 1005 2200 patrem
1027 2139 1103 2188 tuum
1154 2134 1206 2190 ritu
1219 2150 1226 2188 ι
1240 2141 1269 2190 ιι
1279 2133 1306 2190 iu
1323 2135 1383 2204 ipso
1395 2131 1539 2202 vigilantes
1554 2132 1581 2187 itt
1595 2129 1671 2186 omui
1685 2129 1824 2197 instantia,
1834 2125 1931 2184 ctohss·

214 2235 219 2244 “
299 2226 330 2276 et
337 2229 452 2276 matrem
465 2230 550 2289 tuam,
564 2222 637 2294 quod
651 2230 695 2280 est
705 2223 862 2281 mandatum
875 2224 993 2296 primurn
1003 2225 1031 2281 in
1042 2240 1103 2297 pro·
1153 2227 1277 2291 oratioue
1291 2243 1340 2300 pro
1354 2227 1485 2286 omnibus
1499 2225 1618 2284 sanctis:
1634 2234 1663 2282 ιι
1674 2240 1725 2298 pro
1739 2239 1801 2292 me,
1820 2231 1848 2280 ut
1868 2221 1932 2278 detur

298 2311 430 2368 m5⁸⁵¹⁰¹l⁰
447 2330 453 2366 ²
470 2321 499 2368 ¹¹²
513 2314 584 2372 belle
597 2315 633 2372 Sil
646 2316 707 2382 libi,
736 2325 764 2374 et
787 2318 825 2375 sis
850 2319 993 2392 longaevus
1021 2334 1103 2390 super
1154 2325 1221 2381 mihi
1237 2325 1369 2382 sormoin
1381 2323 1524 2397 apertione
1538 2323 1596 2381 oris
1607 2320 1931 2389 meicumhducia,notuut

299 2414 412 2462 terram.
429 2404 465 2462 bt
479 2416 491 2446 ⁰
504 2422 566 2478 vos,
581 2419 685 2482 patros,
698 2409 785 2468 nolite
798 2409 833 2466 ad
848 2411 1019 2469 iracundiam
1036 2428 1101 2478 pro·
1154 2418 1245 2476 iacere
1260 2418 1420 2490 mysterium
1433 2416 1574 2490 Evangelii
1589 2435 1596 2473 ι
1611 2431 1662 2488 pro
1675 2429 1733 2488 quo
1750 2411 1930 2485 legatiouoiuu·

296 2516 397 2558 vocare
411 2502 482 2559 lilios
495 2514 602 2562 vestros
618 2522 627 2562 ι
642 2505 691 2562 sed
704 2506 821 2562 educate
835 2506 898 2563 illos
911 2507 939 2564 in
956 2507 1100 2579 disciplina
1152 2527 1201 2584 gor
1215 2513 1242 2569 in
1256 2521 1364 2581 cateno,
1382 2513 1418 2567 ita
1431 2521 1461 2568 ut
1475 2514 1503 2568 lu
1519 2511 1580 2583 ipso
1599 2511 1736 2580 audeam,
1754 2517 1832 2583 prout
1843 2514 1932 2580 oportet

296 2600 513 2668 etcorreptioue
526 2599 645 2656 bomini.
662 2600 755 2668 Servi,
768 2600 881 2659 obedite
900 2602 1020 2659 dominis
1039 2619 1101 2660 car·
1153 2622 1208 2674 mc,
1225 2607 1309 2678 logui.
1325 2605 1465 2664 litantem
1491 2614 1520 2664 ιι
1537 2620 1587 2663 vos
1611 2606 1705 2664 sciatis
1722 2621 1786 2678 otto
1805 2605 1871 2663 circa
1897 2616 1931 2658 mc

298 2688 405 2745 natibus
417 2705 481 2748 curn
496 2693 605 2761 timore,
618 2701 647 2752 et
662 2701 794 2761 tremore,
807 2695 836 2750 in
848 2695 1025 2768 simplicitate
1036 2711 1101 2753 cor·
1151 2709 1226 2768 stunt,
1242 2699 1308 2770 guid
1319 2714 1399 2771 agam
1414 2717 1422 2755 t
1436 2699 1527 2757 omnia
1545 2699 1623 2756 tobis
1638 2709 1701 2756 uota
1716 2695 1930 2770 laciet'lpchicus.

295 2781 339 2838 dis
350 2784 446 2855 vestri,
459 2785 532 2871 sieut
543 2786 653 2844 Christo
668 2806 675 2842 :
689 2805 743 2846 non
757 2789 791 2844 ad
806 2789 917 2846 oculum
932 2792 1098 2860 servientes,
1151 2793 1331 2850 charissimus
1346 2792 1442 2862 irater,
1457 2803 1486 2852 ιι
1497 2791 1588 2850 lldelis
1608 2792 1735 2850 minister
1761 2792 1788 2848 in
1811 2787 1929 2870 llotuinttqf

297 2877 378 2946 qussi
393 2877 553 2938 bominibus
566 2880 719 2952 placentes,
734 2883 783 2940 scd
796 2894 827 2940 ut
840 2886 913 2941 servi
929 2887 1042 2956 Christi,
1058 2885 1099 2942 ia·
1151 2901 1232 2958 quem
1248 2886 1311 2942 misi
1326 2885 1359 2944 ad
1373 2901 1422 2944 vos
1434 2886 1462 2942 in
1476 2885 1529 2944 hoc
1542 2885 1644 2956 ipsum,
1656 2895 1687 2942 ut
1700 2883 1868 2959 cognoscatis
1882 2893 1930 2952 ota

294 2968 400 3028 cientes
414 2973 584 3030 voluntatem
598 2976 647 3032 Ilei
661 2977 818 3048 exanimo,
833 2995 897 3036 com
914 2980 986 3037 bona
1000 2982 1099 3040 volun·
1150 2979 1221 3040 circa
1238 2995 1291 3038 nss
1306 2989 1381 3048 sunt,
1393 2991 1421 3038 et
1434 2980 1594 3038 consoletur
1607 2981 1691 3040 corda
1705 2989 1808 3040 restra.
1825 2980 1875 3036 Par
1887 2976 1931 3032 tn·

295 3068 351 3118 tate
362 3064 536 3136 sortientes,
554 3068 626 3125 sicut
636 3070 775 3141 homino,
801 3083 829 3132 et
844 3089 899 3130 non
913 3073 1074 3133 hominibus
1089 3096 1095 3132 :
1150 3075 1252 3144 tribus,
1264 3085 1292 3132 et
1302 3076 1423 3134 charitas
1437 3091 1499 3134 cum
1514 3075 1605 3144 lido,a
1622 3077 1678 3136 lico
1690 3075 1785 3144 Patre,
1795 3083 1823 3132 ιι
1834 3073 1931 3131 homino

292 3154 412 3212 scientes
425 3162 556 3226 quonlam
571 3163 768 3234 unusquisque,
790 3165 983 3239 quodcumque
1000 3170 1097 3226 lecerit
1149 3170 1214 3244 ills.
1231 3171 1294 3227 odd.
1313 3170 1419 3244 nostro]
1433 3170 1498 3228 iesu
1517 3172 1640 3230 Christo.
1663 3170 1757 3231 Gratia
1779 3185 1838 3228 cutn
1858 3167 1930 3224 omni·
1992 3163 1993 3166 ’

292 3242 407 3314 bouum,
422 3247 475 3304 hoc
489 3250 603 3320 recipiet
617 3266 633 3306 a
648 3252 778 3322 Domino,
794 3256 853 3313 sivo
866 3272 977 3327 sortus,
991 3260 1052 3316 sive
1068 3243 1136 3316 li=C
1153 3264 1214 3334 bus,
1230 3266 1277 3336 qui
1290 3265 1407 3340 diligunt
1415 3265 1560 3324 homiuum
1571 3277 1696 3326 nostrum
1705 3266 1801 3326 iesum
1810 3263 1928 3324 Christum

293 3332 352 3393 ber.
365 3337 479 3412 littus,
492 3343 607 3414 domini,
620 3346 718 3404 eadem
734 3347 818 3406 lacite
829 3348 902 3422 illis,
925 3353 1098 3414 remittentes
1151 3357 1179 3414 iu
1189 3357 1403 3430 incorruptione.
1419 3361 1518 3418 huten.

753 3465 869 3538 Explicit
885 3467 1008 3540 Epistola
1024 3471 1055 3525 li.
1071 3471 1151 3530 Postii
1162 3473 1275 3544 apostoli
1290 3472 1326 3531 ad
1339 3473 1477 3547 Ephesios.

329 3619 452 3694 *litum
473 3624 518 3680 hic
539 3640 639 3684 nomen
658 3627 716 3685 oitte
738 3626 879 3690 Palatinus
904 3648 956 3690 ms.
987 3635 1092 3702 pariter
1146 3635 1248 3694 latinus
1260 3651 1367 3710 quoque
1382 3653 1438 3697 ms.

290 3692 497 3820 “ium-“⁰¹¹⁸
512 3705 606 3782 ΨΜ
620 3699 755 3758 nemum·
1182 3719 1196 3794 ⁰.
1204 3707 1287 3766 'lacet
1300 3711 1397 3766 iterum
1413 3725 1475 3768 cum
1485 3709 1581 3770 Graeco
1596 3720 1669 3772 textu
1683 3729 1834 3789 pronomen
1844 3728 1883 3770 ιιι
1892 3711 1927 3768 hic
1987 3735 1988 3749 2

418 3773 438 3822 η
451 3775 481 3822 'a
492 3770 653 3840 mmmm
666 3786 728 3828 ⁰⁰¹⁰
749 3773 846 3833 0Μο
869 3775 1020 3850 ”Pheiilw
1040 3777 1090 3835 Pl·
1144 3778 1196 3862 loct
1211 3779 1350 3839 Palatinus
1364 3795 1417 3838 ms.

295 3895 1919 3948 -———-—----...-.--.-
1985 3917 1986 3983 ,

666 4033 755 4148 a.
795 4036 1570 4170 racusarosuonr
1983 4027 1985 4118 l

1050 4237 1196 4304 mctrtr
1981 4229 1983 4342 i

376 4387 874 4548 EPISTOLA
915 4401 1057 4640 nu
1106 4405 1844 4564 pfltnrrruusus.
1979 4345 1982 4458 ⁴

319 4769 396 4844 [cap.
410 4772 444 4846 l.]
457 4772 560 4834 Paulus
581 4785 610 4835 et
622 4777 795 4852 Timotheus,
808 4784 883 4841 servi
893 4784 958 4844 iesu
967 4785 1082 4860 christi,
1096 4789 1208 4860 Douod
1220 4791 1335 4851 habeam
1352 4807 1402 4853 tos
1417 4797 1444 4852 in
1457 4798 1551 4871 corde,
1564 4809 1594 4857 et
1606 4801 1632 4858 iu
1645 4801 1764 4860 vinculis
1774 4801 1853 4870 meis,
1865 4809 1889 4858 et
1900 4799 1921 4854 iu

282 4862 410 4920 omnibus
419 4867 522 4925 sanctis
534 4868 562 4924 in
574 4866 685 4929 Christo
696 4870 773 4941 lesit,
788 4877 835 4947 qui
859 4885 924 4934 sont
937 4876 1082 4952 Philippis,
1135 4881 1308 4954 defensione,
1319 4895 1347 4946 ιι
1358 4889 1567 4952 confirmatione
1578 4895 1729 4968 Evangelii,
1742 4898 1836 4954 socios
1845 4891 1921 4966 gaudii

280 4971 343 5013 cour
357 4957 503 5030 episcopis,
515 4970 543 5017 et
564 4961 736 5021 diaconibus.
752 4965 845 5025 Gratia
867 4971 947 5030 vobh
958 4982 987 5031 ιι
1000 4991 1083 5044 pars
1134 4978 1188 5034 mei
1202 4993 1299 5038 omues
1315 4997 1365 5038 vos
1379 4998 1450 5040 osse.
1478 4983 1568 5045 'leeth
1593 4987 1667 5044 enim
1693 4987 1761 5046 mibi
1785 4999 1825 5048 cst
1850 4989 1920 5052 heus,

280 5049 338 5107 beo
352 5050 434 5108 Patre
446 5062 552 5122 uostro,
568 5063 597 5112 ιι
614 5055 729 5114 liomioo
744 5058 808 5117 iesu
826 5061 948 5121 Christo.
975 5065 1082 5126 Gratias
1137 5073 1276 5140 quomodo
1301 5075 1408 5147 cupiam
1441 5091 1537 5136 omncs
1562 5094 1613 5137 vos
1642 5081 1669 5138 itt
1690 5081 1841 5140 viscoribus
1866 5080 1920 5136 lest

277 5155 330 5213 ago
344 5143 401 5199 beo
422 5159 485 5201 meo
508 5144 536 5202 in
551 5149 626 5204 omui
650 5153 783 5208 memoria
809 5157 906 5226 vestri,
931 5173 1041 5231 semper
1055 5164 1081 5218 in
1132 5159 1246 5220 Christi.
1262 5165 1297 5222 Et
1309 5167 1362 5225 hoc
1374 5184 1434 5234 oro,
1450 5180 1480 5228 ut
1496 5171 1714 5232 charitasvestra
1727 5175 1815 5249 magis
1828 5189 1858 5232 ao
1870 5185 1919 5230 ma·

275 5234 383 5292 cunctis
405 5236 574 5295 orationibus
590 5241 659 5300 meis
687 5258 739 5316 pro
761 5247 887 5306 omuibus
910 5251 1001 5317 vobis,
1017 5269 1079 5312 cum
1131 5255 1174 5327 gis
1189 5259 1309 5318 abundet
1324 5261 1352 5318 in
1369 5261 1432 5336 [lis.
1448 5265 1512 5322 odd.
1528 5265 1611 5338 omoii
1627 5269 1753 5339 scientia,
1768 5277 1797 5327 et
1809 5271 1834 5326 in
1854 5264 1918 5324 outui

166 5396 171 5412 ι
275 5327 374 5398 gaudio
386 5327 609 5398 deprecationem
622 5334 729 5393 iaciens
741 5345 1080 5408 supercommunicationo
1132 5359 1282 5408 seusucut
1293 5356 1413 5425 probetis
1428 5358 1545 5427 potiora,
1561 5369 1592 5416 ut
1616 5361 1675 5417 sitis
1692 5362 1807 5428 sinceri,
1829 5370 1857 5419 ct
1868 5361 1918 5416 sinc
1967 5399 1968 5402 ,

275 5424 365 5472 vestra
382 5418 409 5474 in
420 5418 700 5496 Evangettoschrtstt
711 5443 727 5484 a
738 5430 824 5500 prima
835 5431 880 5490 die
894 5450 978 5508 usquc
992 5455 1077 5497 nunc.
1131 5441 1234 5500 odensa
1249 5445 1277 5502 iu
1304 5447 1376 5504 dieto
1392 5447 1507 5518 Christi,
1522 5453 1620 5525 repleti
1645 5455 1734 5513 lrurtu
1755 5458 1865 5531 iustitio
1878 5467 1917 5524 pot

271 5505 419 5566 Conhdeus
432 5513 484 5570 hoc
502 5515 602 5588 ipsum,
626 5520 689 5591 quia
704 5521 754 5593 qui
767 5523 851 5595 caepit
864 5527 891 5583 iu
916 5527 995 5586 robis
1008 5547 1077 5604 opus
1130 5536 1224 5596 lesum
1237 5539 1386 5610 Christum,
1404 5545 1431 5600 iu
1456 5547 1570 5618 gloriam
1596 5561 1624 5606 et
1648 5550 1757 5608 leudem
1776 5552 1835 5609 [tei.
1850 5548 1916 5610 scire

273 5596 523 5710 bonum,'p·crltciet
547 5623 634 5684 mque
657 5613 685 5668 in
699 5614 773 5672 diem
788 5617 889 5675 Christi
908 5621 983 5679 lesu.
998 5626 1077 5686 Siout
1129 5644 1220 5691 autem
1241 5650 1290 5692 tos
1303 5637 1376 5706 volo,
1402 5637 1511 5710 iratres,
1531 5642 1594 5713 ouis
1616 5659 1679 5716 quoe
1695 5643 1769 5702 circs
1784 5659 1827 5701 nte
1850 5648 1913 5705 suut,

271 5703 315 5753 cst
328 5695 397 5754 tatht
410 5706 515 5770 iustum
533 5702 587 5761 hoc
600 5707 704 5766 sentiro
714 5723 768 5781 pro
781 5711 909 5771 omuibus
925 5717 1004 5776 vobis
1020 5737 1027 5776 ι
1041 5737 1075 5778 eo
1129 5728 1216 5801 magis
1231 5727 1264 5786 ad
1279 5730 1431 5802 proiectum
1446 5745 1580 5793 venerunt
1595 5734 1735 5810 Evangelii
1753 5756 1761 5794 :
1776 5735 1812 5794 ita
1827 5733 1914 5792 uttin-

306 5845 321 5874 ·
334 5835 442 5896 Nomen
455 5839 562 5915 christi
574 5853 606 5904 ιι
624 5861 641 5904 a
662 5847 761 5910 Graeco
783 5855 949 5929 exemplari,
976 5859 1013 5918 ita
1027 5871 1055 5921 ct
1068 5860 1190 5924 Palatino
1205 5881 1258 5924 ms.
1274 5869 1363 5928 abest.
