4017 6334
89 313 130 376 257
705 307 809 369 tinen
829 309 1053 372 PSbLllORlJll.
1642 313 1698 375 258

116 425 213 501 dopitmi
220 424 270 481 dier
279 424 409 498 antiquar.
423 436 454 481 4
466 433 493 482 et
507 424 519 495 ζ
533 440 617 510 oneror
626 433 738 484 oterrmr
750 442 777 484 -e
794 427 846 484 ria
861 429 886 492 A
928 428 1056 503 coptari
1071 427 1130 488 dics
1143 429 1283 502 antiquae:
1299 437 1328 490 ot
1339 443 1427 489 annuos
1439 435 1557 488 antemos
1567 428 1595 486 in
1607 436 1698 486 mente

91 519 268 593 :nerteiraiai
900 523 994 582 babai.

117 612 182 671 -elit
196 611 206 681 ζ
219 610 355 666 meditator
368 627 425 668 ram
438 622 514 670 noete
527 630 587 670 cam
609 614 690 671 eorda
714 613 799 673 orreob
815 629 847 673 4
937 617 971 674 Et
987 617 1137 674 meditatur
1150 631 1210 674 sum
1224 625 1304 676 nocte
1318 632 1381 675 cunr
1396 615 1480 674 corde
1494 630 1575 674 mco:
1594 613 1604 655 l
1618 629 1700 673 exer-

87 707 276 776 azaoonatm
288 713 313 762 et
322 705 458 778 acopeiam
472 707 590 781 opiritom
601 724 695 765 orrum.
900 710 1015 781 nitebar,
1029 719 1057 767 et
1069 709 1234 767 ventilabam
1246 710 1274 766 in
1290 725 1334 766 me
1347 708 1473 783 spiritum
1487 723 1589 765 meum.

115 797 264 871 depondio
276 806 402 855 cromam
414 799 535 872 projiciet
550 799 642 858 omar
654 812 665 842 ⁶
679 810 725 859 out
734 818 788 859 nort
802 819 850 875 ap·
938 805 972 862 et
984 803 1053 871 dini,
1066 801 1201 873 Numquid
1213 804 1240 860 in
1254 811 1388 862 niernum
1404 802 1532 876 projiciet
1545 801 1640 860 bonel
1653 811 1701 861 ont

88 902 177 965 pomam
187 890 358 965 complacitior
369 891 521 950 arnono?
901 913 957 955 non
972 905 1102 968 apponet,
1116 905 1147 954 ut
1157 896 1359 970 berreplacitum
1374 897 1410 954 eil
1426 898 1450 954 ei
1467 896 1574 953 adbncl
1597 903 1646 954 aut
1673 897 1700 954 in

114 988 188 1045 latio
198 987 269 1058 inem
280 987 485 1046 mirericordiam
509 1004 585 1045 ream
603 989 729 1061 elucidet,
745 1005 852 1064 ancno-
902 996 983 1053 inem
995 995 1209 1054 misericordiam
1224 1011 1303 1054 suam
1318 993 1472 1054 abscidota
1491 991 1595 1052 noculo
1609 1002 1638 1052 ct
1653 1008 1701 1067 ge·

87 1083 165 1139 rationo
174 1081 198 1136 in
207 1081 418 1155 praenotionem?
902 1090 1067 1148 nerntiouel

112 1173 314 1230 latoiiioircetar
335 1174 450 1230 miserem
470 1171 564 1231 Deae?
587 1182 634 1232 atti
660 1173 799 1231 continebit
823 1173 852 1230 io
937 1181 1073 1256 Numquid
1085 1181 1265 1240 obliuiscetur
1280 1181 1403 1241 misereri
1414 1182 1503 1240 bcuel
1518 1188 1565 1240 aut
1576 1179 1701 1240 contine·

87 1272 117 1327 ira
126 1283 151 1324 ÷
162 1268 224 1338 eea:
238 1267 428 1324 misericordias
442 1268 523 1326 rearl
535 1269 699 1327 mumanae.
903 1273 981 1332 bitin
995 1273 1035 1330 ira
1048 1272 1265 1332 misericordiam
1276 1275 1372 1332 suam?
1383 1274 1548 1333 btnmnntta.

113 1359 140 1416 i't
150 1359 207 1429 dici,
219 1374 248 1417 ÷
266 1359 347 1418 Nunc
361 1361 373 1432 ζ
385 1361 469 1435 carpi:
482 1358 538 1417 tor
553 1363 661 1418 motatio
675 1360 790 1418 datam
809 1374 854 1415 eo·
940 1365 1038 1424 etdirt
1052 1385 1058 1420 :
1070 1366 1146 1425 Nunc
1158 1367 1241 1441 caepi,
1257 1365 1315 1424 banc
1330 1375 1373 1425 est
1391 1369 1506 1426 aruntio
1520 1367 1643 1426 dexterae
1655 1381 1705 1430 ex·

88 1453 143 1509 iili·
903 1463 984 1532 celsi3
1000 1477 1109 1522 memor
1124 1463 1162 1521 lui
1175 1477 1289 1536 operum
1309 1460 1428 1536 Domini,
1452 1462 1516 1536 qnia
1540 1477 1704 1522 memororo

113 1545 196 1601 nmo
206 1543 244 1616 pai
254 1560 362 1618 oporam
374 1541 481 1604 bomon
491 1562 501 1604 -·
512 1547 575 1620 pata
587 1563 685 1604 memor
697 1562 741 1604 κο
757 1546 790 1603 ao
802 1546 855 1602 tot·
904 1557 940 1618 ab
954 1556 1032 1615 notato
1044 1553 1210 1613 mirabilium
1225 1564 1345 1612 moram.

87 1639 115 1695 oo
123 1639 258 1694 mirabilium
270 1648 388 1697 latorum.

113 1729 139 1785 Et
146 1729 274 1786 meditabor
281 1732 310 1788 in
321 1731 439 1790 omnilrer
449 1733 568 1809 operibor
580 1733 630 1792 tair
642 1743 685 1791 :et
692 1734 720 1791 in
731 1733 856 1791 adiuuen-
941 1733 976 1792 lit
989 1729 1135 1792 meditatae
1148 1745 1210 1790 suun
1222 1731 1249 1789 iu
1265 1731 1392 1790 omnibns
1409 1733 1539 1806 operibus
1550 1735 1602 1793 tuin
1615 1751 1621 1789 :
1634 1743 1662 1792 et
1673 1734 1701 1791 in

87 1822 174 1878 domim
184 1823 230 1878 teir
240 1823 390 1882 exercebor.
866 1829 1140 1896 liobeerretionibne
1154 1827 1425 1887 tuismeerorcebu.
1647 1887 1653 1902 ,

113 1914 178 1982 brae,
195 1917 220 1974 ir
241 1929 333 1976 uncto
353 1921 396 1976 ria
415 1929 470 1989 tna,
486 1921 544 1996 pair
565 1918 636 1978 Draco
650 1937 758 1995 mannae
786 1921 853 1978 aicae
941 1923 1052 1983 benein
1072 1924 1223 1980 unctoria
1240 1931 1296 1991 tun,
1311 1923 1372 1994 quia
1399 1922 1469 1978 [iarn
1496 1937 1609 1994 magnus
1633 1922 1704 1980 sicut

87 2011 140 2068 oar
153 2029 179 2070 ÷
191 2017 296 2072 mortni
312 2016 324 2088 ζ
340 2025 368 2073 ta
383 2032 410 2073 ee
425 2014 506 2086 Deae,
517 2018 561 2090 qui
575 2017 640 2090 facie
650 2017 791 2076 mirabilia.
906 2017 980 2076 boas
996 2014 1109 2074 nosterl
1124 2003 1196 2072 tu'ee
1209 2015 1291 2080 Deus,
1303 2014 1349 2087 rpui
1362 2013 1430 2072 lucie
1443 2013 1577 2072 uairabiiia
1589 2015 1673 2072 satine.

111 2103 189 2162 liotam
199 2107 285 2179 [amati
298 2109 325 2164 in
338 2109 441 2184 papalis
461 2110 582 2167 uirtutem
602 2121 675 2167 onam
695 2127 704 2167 :
723 2111 856 2167 redemieti
941 2110 1039 2166 noram
1054 2107 1142 2166 iecisti
1157 2107 1183 2164 in
1200 2106 1307 2194 populis
1327 2107 1453 2164 uirtutem
1466 2117 1539 2164 tuam
1556 2125 1562 2162 :
1587 2107 1709 2165 liberasti

85 2193 201 2257 birniio
216 2216 245 2259 ÷
258 2209 308 2258 ino
324 2202 335 2275 ζ
352 2200 479 2275 populum
492 2211 566 2259 taam
583 2203 655 2276 iiior
677 2201 759 2260 iacob
773 2212 797 2260 et
807 2201 856 2262 lo·
906 2205 934 2261 iu
948 2203 1061 2263 bracbio
1075 2209 1122 2258 tim
1142 2202 1271 2274 populum
1288 2210 1364 2258 tnuua
1376 2200 1446 2260 liius
1458 2200 1542 2259 lsrael
1553 2208 1581 2258 ut
1591 2200 1705 2272 toscpb.

84 2296 140 2367 api.
154 2295 315 2355 brunsteni.
907 2295 1063 2354 lirun-antra
1080 2293 1145 2370 [lle.
1158 2305 1209 2351 tac.
1226 2293 1401 2368 bromtoni.

115 2383 219 2446 lidorum
229 2400 352 2464 tcoaear,
369 2389 575 2460 Dena‚oidcratnt
584 2400 609 2450 te
618 2408 713 2466 aqna:
724 2401 749 2452 ei
759 2392 855 2450 timae·
945 2389 1079 2446 Viderunt
1092 2395 1119 2444 te
1130 2401 1218 2460 aque,
1235 2385 1318 2454 Dono,
1331 2387 1457 2444 uiderunt
1471 2394 1497 2444 te
1511 2400 1609 2458 anun:
1624 2394 1652 2442 et
1675 2385 1708 2442 ti·

84 2490 138 2549 rant,
150 2492 171 2538 rt
182 2485 293 2540 turbam
303 2491 364 2540 reon
377 2485 473 2557 oiprsi.
908 2489 1048 2550 muerunt,
1066 2479 1181 2536 nnbatar
1194 2488 1259 2535 eunt
1279 2479 1383 2551 abyssi,
1410 2478 1557 2536 multitudo
1572 2487 1585 2529 ε
1601 2478 1708 2538 sonitus

111 2573 233 2635 laititnio
246 2579 351 2636 comitam
361 2595 488 2652 apaoram
500 2595 605 2637 :uocem
619 2577 748 2636 dederam
762 2579 853 2636 nelca.
909 2589 1053 2648 aquarum,
1066 2587 1162 2630 rocem
1174 2571 1310 2630 dedorunt
1324 2569 1423 2630 nuber.

110 2663 197 2726 Etmim
214 2673 320 2748 ωςῐιω
331 2680 385 2730 taor
405 2680 540 2729 transcant
552 2688 562 2728 .·
576 2688 626 2729 ooo
641 2672 748 2728 tonitrai
768 2673 808 2729 rai
829 2672 859 2727 io
945 2668 1052 2724 Etenim
1065 2668 1173 2740 sagittae
1183 2675 1238 2722 tuae
1253 2665 1472 2738 pertransierant
1488 2679 1495 2719 a
1511 2679 1565 2722 ror
1592 2663 1704 2722 tonitrui

84 2769 136 2817 rota.
910 2761 1074 2820 tuiinrota.

116 2852 248 2916 lilarerant
257 2858 455 2916 annuntior-:r
468 2866 520 2916 taor
534 2857 616 2916 orbil
632 2873 664 2915 -e
680 2865 756 2915 terre
767 2858 779 2930 ζ
790 2872 860 2915 aom-
947 2855 1097 2913 illuxerunt
1116 2851 1323 2916 corruscationes
1337 2861 1390 2911 tuae
1405 2851 1463 2912 orbi
1484 2860 1564 2912 terrm.
1576 2869 1584 2911 τ
1598 2853 1667 2913 aton
1681 2865 1710 2914 ct

84 2953 474 3012 moraturoaorcareitterra.
910 2955 1099 3008 commoneat
1114 2956 1199 3004 terra.

110 3041 137 3098 io
148 3047 209 3104 nari
220 3048 262 3104 ria
275 3057 336 3120 aaa,
348 3056 373 3104 rt
384 3047 482 3105 rcoritoe
496 3056 548 3105 tace
570 3047 598 3104 in
610 3047 684 3122 aonio
704 3046 816 3104 morton:
834 3057 860 3103 ct
948 3039 1060 3099 inmari
1073 3041 1187 3109 riatnn,
1200 3047 1229 3098 et
1242 3040 1647 3116 semitntmeinaquismultie
1661 3061 1667 3098 :
1685 3053 1712 3102 ot

84 3138 170 3209 tertiolo
182 3150 224 3195 tara
233 3157 288 3197 non
304 3151 501 3216 reponerentur.
912 3135 1028 3208 vestigia
1041 3144 1086 3192 tua
1097 3147 1151 3192 nou
1164 3142 1374 3207 cognoscentur.

109 3229 235 3292 bodaoirti
247 3235 318 3292 riom
331 3250 391 3292 orer
399 3233 527 3308 populana
539 3244 623 3307 taum,
638 3235 665 3294 in
680 3229 895 3309 manollopaic
947 3226 1088 3286 uodaristt
1111 3227 1182 3283 sicut
1201 3240 1270 3284 oues
1310 3223 1440 3301 populurn
1461 3235 1556 3299 tauro,
1583 3227 1609 3286 in
1630 3245 1711 3288 manu

82 3323 195 3383 alnoo.
912 3322 998 3398 ilaryol
1015 3331 1043 3382 et
1055 3315 1157 3380 Aaron.

712 3479 893 3546 nouenos
914 3477 1076 3543 nxxvn.

309 3595 494 3640 tanenteortts
513 3595 628 3649 esron„
1160 3591 1344 3637 turnnoecaus
1374 3593 1470 3638 astru.

107 3672 233 3742 inuadite,
245 3675 346 3748 poprie
357 3673 420 3748 ills.
431 3673 556 3746 popular]
569 3683 651 3742 orror,
663 3673 744 3749 tooem
754 3687 860 3730 meam:
949 3671 1101 3742 Attendite,
1113 3669 1126 3711 i
1140 3672 1239 3746 popule
1252 3687 1339 3742 meus,
1356 3673 1444 3745 legem
1459 3689 1546 3733 ntoam
1562 3693 1568 3733 ε
1583 3678 1714 3740 inclinate

80 3759 282 3824 brianonum
292 3782 405 3823 omnam
414 3767 441 3822 in
454 3767 529 3823 rerba
539 3767 591 3822 oria
601 3767 660 3824 mei.
914 3781 1010 3824 norem
1025 3775 1144 3823 uestram
1157 3769 1185 3821 in
1200 3765 1282 3822 rerba
1297 3767 1355 3823 oris
1369 3767 1434 3824 mei.

105 3856 216 3930 iporiam
234 3861 264 3917 irr
278 3858 414 3934 parobolis
429 3875 457 3917 oe
471 3875 558 3917 mrem
570 3875 581 3916 .·
593 3859 686 3932 loquar
704 3861 861 3933 proponitio-
951 3860 1079 3933 iperium
1095 3858 1122 3915 in
1140 3857 1277 3931 parabolis
1287 3873 1319 3915 os
1334 3873 1446 3916 meunt:
1465 3859 1562 3935 loquar
1586 3865 1708 3937 proposi·

78 3952 148 4007 raro
157 3954 239 4012 initio.
916 3956 1005 4014 tiones
1018 3955 1053 4011 ab
1068 3953 1146 4012 initio
1161 3951 1266 4025 saeculi,

106 4043 199 4108 Quarta
219 4047 372 4104 audirimus
394 4055 418 4103 ct
439 4047 606 4121 eoanooinrm
628 4055 641 4086 ²
667 4063 708 4118 ca,
732 4056 756 4104 et
774 4054 861 4120 patrer
950 4047 1057 4118 Quanta
1084 4047 1236 4126 audirimus
1255 4053 1284 4105 et
1308 4050 1488 4122 cognorimus
1502 4067 1556 4111 ea:
1582 4062 1609 4114 et
1625 4063 1715 4127 patres

79 4139 145 4194 nori
157 4151 333 4200 nerrarerrent
345 4141 429 4198 nobie.
915 4145 1001 4204 trostri
1022 4153 1202 4202 narraverunt
1212 4143 1301 4200 nobie.
1383 4141 1387 4150 '

105 4231 159 4290 lion
169 4247 232 4292 aare
242 4237 406 4295 arcebatur
419 4235 482 4309 piiiia
494 4251 597 4305 eoram,
610 4235 812 4308 mpcmroriom
821 4234 863 4290 ni·
950 4237 1009 4296 lion
1021 4246 1085 4296 sunt
1098 4237 1259 4296 occultata'a
1273 4236 1336 4294 llliia
1352 4253 1458 4311 corum,
1483 4241 1510 4298 in
1536 4245 1716 4316 generatione

77 4329 129 4380 troo.
915 4331 1003 4391 altura
1013 4330 1077 4406 [lle.
1094 4331 1302 4404 generationem
1316 4333 1453 4407 alterami.

104 4415 242 4478 donanter
255 4420 351 4479 lauder
365 4419 469 4478 liootini
489 4428 514 4478 et
533 4421 639 4480 oirttttea
659 4421 728 4497 ejm,
742 4428 767 4478 ct
780 4419 862 4477 miro·
950 4425 1102 4486 Narrantes
1116 4426 1211 4483 laudea
1224 4427 1329 4486 bomini
1344 4437 1371 4486 et
1382 4433 1497 4488 uirtutes
1511 4429 1583 4501 eius,
1594 4437 1622 4488 et
1634 4429 1718 4488 mira·-

77 4499 188 4584 liiiaejaa
202 4513 349 4586 manserit.
916 4519 1221 4594 biliaep'nsquaelecit.

104 4711 162 4772 *lo
181 4715 306 4775 nantem
328 4729 381 4774 uro.
401 4715 483 4774 ladem
502 4717 583 4777 unice
606 4718 635 4774 ba
651 4718 777 4776 reculam
803 4735 868 4776 rent
881 4723 910 4785 D
922 4719 1130 4777 rrairericordiam
1144 4721 1539 4796 onamabrcidetaproponiein
1552 4725 1720 4798 proportioni

74 4788 241 4862 contudimus,
253 4805 320 4846 curn
333 4798 415 4844 attica
427 4789 485 4859 ipsa
497 4791 580 4847 etiam
595 4791 680 4847 rerba
693 4802 777 4846 merite
789 4792 869 4847 babai
922 4795 974 4849 dat
989 4793 1154 4849 oiiioiaoetnr
1166 4794 1282 4849 trtiacreri
1306 4791 1399 4850 Deaai
1411 4808 1457 4850 aut
1482 4797 1619 4852 continebit
1634 4799 1661 4852 in
1681 4799 1721 4852 iro

74 4859 258 4924 initiarentur.
281 4860 317 4917 Et
326 4869 371 4917 osi
387 4869 478 4918 muron
499 4862 528 4918 in
546 4861 663 4920 llebtaeo
676 4873 780 4931 mebi,
794 4873 823 4920 ei
842 4868 868 4922 in
922 4881 970 4920 ena
981 4865 1175 4921 rnieeron'oneni
1187 4867 1281 4920 auom?
1290 4865 1369 4930 Tum,
1381 4866 1436 4922 itero
1447 4866 1595 4922 inamatiotr'o
1606 4869 1720 4923 domimo·

73 4924 154 4986 dureo
165 4933 309 5006 ἐμνήσθην.
922 4935 1029 5006 acciri,
1041 4945 1200 4992 irremorotnc
1221 4953 1279 4991 ratu
1294 4953 1401 5006 opertior
1415 4937 1475 5004 lici,
1490 4947 1543 4992 etc.
1562 4937 1594 4992 lit
1610 4939 1720 4992 inedito-

100 4998 184 5087 illoc
199 5002 389 5076 Symmachus
407 5003 479 5075 apud
501 5003 697 5090 llberonymnm
712 5004 794 5062 vertit
809 5009 870 5070 ion·
922 5007 1146 5094 borinomrtiiae
1157 5009 1280 5078 operibor
1301 5008 1364 5073 tulo,
1376 5016 1402 5063 et
1421 5009 1447 5090 in
1465 5007 1645 5074 affectionibus
1667 5015 1719 5068 tutio

72 5075 490 5219 Ἢνᾶῐὲῗίιῗιῆιηᾝαζῗιὶ
499 5077 867 5206 eneeissoerelblotlnntusssarnnwm
922 5094 1057 5206 mimir
1067 5079 1169 5217 (ἒὲιῗιιῧι
1182 5079 1346 5206 ἱῖτηῖιιιθνὺοαιισὲ
1351 5089 1519 5216 affinem&
1531 5149 1671 5207 ortnltitnelo
1682 5169 1726 5208 ro·

72 5224 135 5272 lette
145 5219 221 5286 nuod
238 5221 358 5276 verbum
370 5230 484 5292 apponet
502 5217 583 5276 obcto
596 5228 743 5292 praeportat,
756 5220 828 5293 quud
839 5231 867 5278 ct
923 5237 974 5276 ntor
986 5237 1125 5292 aquararn.
1138 5221 1207 5278 Tum
1222 5223 1325 5295 maiora
1338 5230 1391 5275 tan
1405 5219 1607 5285 pernamiiant.
1621 5223 1725 5297 linop-

73 5280 148 5342 Carun
161 5290 238 5347 lecit.
923 5301 1068 5365 paruerant
1089 5293 1280 5349 coruscationes
1307 5301 1360 5346 tae
1384 5291 1439 5345 orbi
1462 5299 1726 5358 terrte‚comnrotocl

99 5357 112 5394 ⁶
123 5359 266 5430 Diximus,
279 5375 347 5418 roce
360 5343 418 5423 [πη
431 5375 492 5432 quae
506 5361 534 5417 in
550 5360 668 5419 liebrao
680 5368 734 5429 esi,
757 5379 811 5419 non
824 5379 869 5418 or·
923 5362 1145 5419 contremebunda
1155 5367 1226 5438 [acto
1239 5371 1276 5418 cet
1286 5372 1366 5416 terra.
1378 5357 1485 5416 inmari
1497 5364 1724 5438 minuimento,

73 5425 118 5481 len
138 5431 242 5499 irinc,
268 5431 319 5489 ned
332 5433 422 5489 orbem
445 5442 522 5488 terrae
534 5433 674 5501 denotari,
696 5443 779 5504 aopue
801 5434 871 5491 adeo
924 5444 1006 5505 atone
1023 5433 1083 5491 bac
1095 5434 1225 5506 pleraque
1240 5432 1329 5488 onmia
1342 5447 1403 5488 com
1420 5435 1579 5500 Augustino.

73 5511 141 5567 nosse
151 5507 269 5561 obelum
282 5504 346 5560 lanio
361 5504 420 5558 rori
434 5503 576 5574 praelitam
588 5506 733 5561 corrnnode
748 5505 849 5562 arnoaldi.
962 5507 977 5544 ¹¹
993 5509 1089 5562 benuo
1103 5519 1164 5560 omn
1178 5505 1327 5574 Augustino
1347 5503 1419 5559 idern
1442 5520 1495 5559 nte.
1522 5507 1647 5578 populor,
1670 5515 1727 5566 turn

103 5574 293 5631 ePronoanen
306 5591 337 5632 ea
351 5575 471 5632 l‘alatrn.
484 5591 536 5632 aare.
548 5578 670 5634 etCarus
683 5579 762 5634 obelo
776 5579 874 5635 imme·
927 5577 1034 5648 etopaar
1047 5591 1097 5644 pro
1112 5577 1216 5646 loquor,
1230 5577 1256 5629 in
1270 5573 1348 5644 nrrjtas
1364 5575 1491 5632 uersiculi
1503 5575 1555 5632 line
1568 5595 1664 5634 nomen
1680 5596 1729 5636 aar·

74 5639 116 5694 tito
130 5646 270 5715 itagarlant.
927 5647 981 5702 caii
997 5646 1140 5703 reticetur.
1157 5645 1189 5700 Et
1202 5647 1282 5713 paulo
1298 5657 1374 5714 pron:
1392 5645 1687 5706 Notarantabecondita
1712 5668 1729 5704 a

102 5711 150 5770 ‘ln
163 5717 323 5774 Veronensi
336 5733 402 5784 ms„
416 5717 553 5774 eaercrdar
573 5730 598 5776 et
612 5720 769 5777 eorttiioiam
794 5721 873 5790 apiri-
925 5719 1001 5790 filiis,
1018 5725 1072 5773 cto.
1088 5717 1133 5785 Et,
1149 5715 1339 5776 Annuntianter
1362 5717 1453 5776 lauder
1472 5717 1576 5778 liomini
1598 5733 1622 5778 et
1635 5729 1727 5793 poten·

75 5791 117 5836 tan
129 5789 273 5843 rnrnntAEl
281 5791 345 5859 dini,
355 5788 492 5859 li'tentpnid
504 5790 662 5846 incuterentur
674 5793 780 5864 repellet
788 5792 873 5847 Draal
926 5789 977 5850 tior
988 5790 1060 5864 rior,
1071 5797 1126 5850 ele.

75 5865 318 5937 moronapponet‚
340 5871 370 5919 at
394 5861 537 5920 delectetur
559 5863 723 5923 odorariam
743 5865 772 5922 io
793 5865 872 5937 finem
