<?xml version="1.0" encoding="UTF-8"?>
<!DOCTYPE html PUBLIC "-//W3C//DTD XHTML 1.0 Transitional//EN"
    "http://www.w3.org/TR/xhtml1/DTD/xhtml1-transitional.dtd">
<html xmlns="http://www.w3.org/1999/xhtml" xml:lang="en" lang="en">
 <head>
  <title>
</title>
<meta http-equiv="Content-Type" content="text/html;charset=utf-8" />
  <meta name='ocr-system' content='tesseract 3.04.00' />
  <meta name='ocr-capabilities' content='ocr_page ocr_carea ocr_par ocr_line ocrx_word'/>
</head>
<body>
  <div class='ocr_page' id='page_1' title='image "./patrologiaecurs140migngoog/patrologiaecurs140migngoog_0423.png"; bbox 0 0 4017 6334; ppageno 0'>
   <div class='ocr_carea' id='block_1_1' title="bbox 109 281 1763 347">
    <p class='ocr_par' dir='ltr' id='par_1_1' title="bbox 109 281 1763 347">
     <span class='ocr_line' id='line_1_1' title="bbox 109 281 1763 347; baseline -0.002 0"><span class='ocrx_word' id='word_1_1' title='bbox 109 283 163 347; x_wconf 79' lang='lat' dir='ltr'><strong>tut</strong></span> <span class='ocrx_word' id='word_1_2' title='bbox 538 283 705 345; x_wconf 79' lang='lat' dir='ltr'><strong>urtsrous</strong></span> <span class='ocrx_word' id='word_1_3' title='bbox 723 285 756 342; x_wconf 85' lang='lat' dir='ltr'><strong>B.</strong></span> <span class='ocrx_word' id='word_1_4' title='bbox 781 282 884 344; x_wconf 73' lang='lat' dir='ltr'><strong>rubet</strong></span> <span class='ocrx_word' id='word_1_5' title='bbox 908 281 1075 344; x_wconf 77' lang='lat' dir='ltr'><strong>trustott</strong></span> <span class='ocrx_word' id='word_1_6' title='bbox 1096 284 1143 342; x_wconf 81' lang='lat' dir='ltr'><strong>dl)</strong></span> <span class='ocrx_word' id='word_1_7' title='bbox 1162 283 1345 344; x_wconf 76' lang='lat' dir='ltr'>HEBRAEOS.</span> <span class='ocrx_word' id='word_1_8' title='bbox 1709 283 1763 344; x_wconf 79' lang='grc'><strong>810</strong></span> 
     </span>
    </p>
   </div>
   <div class='ocr_carea' id='block_1_2' title="bbox 107 391 1771 1490">
    <p class='ocr_par' dir='ltr' id='par_1_2' title="bbox 107 391 1771 1490">
     <span class='ocr_line' id='line_1_2' title="bbox 107 391 1764 468; baseline 0.001 -16"><span class='ocrx_word' id='word_1_9' title='bbox 107 391 331 452; x_wconf 77' lang='lat' dir='ltr'><strong>tesmdaudiuur</strong></span> <span class='ocrx_word' id='word_1_10' title='bbox 341 392 415 450; x_wconf 90' lang='lat' dir='ltr'><strong>enim</strong></span> <span class='ocrx_word' id='word_1_11' title='bbox 421 405 549 466; x_wconf 70' lang='lat' dir='ltr'><strong>magnum</strong></span> <span class='ocrx_word' id='word_1_12' title='bbox 560 393 912 465; x_wconf 83' lang='lat' dir='ltr'><strong>babui‚etconsointionem</strong></span> <span class='ocrx_word' id='word_1_13' title='bbox 926 402 953 463; x_wconf 72' lang='grc' dir='ltr'><strong>Α</strong></span> <span class='ocrx_word' id='word_1_14' title='bbox 966 403 995 450; x_wconf 83' lang='grc' dir='ltr'><strong>ιιι</strong></span> <span class='ocrx_word' id='word_1_15' title='bbox 1008 410 1125 462; x_wconf 83' lang='lat' dir='ltr'><strong>serrum,</strong></span> <span class='ocrx_word' id='word_1_16' title='bbox 1142 396 1191 452; x_wconf 85' lang='lat' dir='ltr'><strong>scd</strong></span> <span class='ocrx_word' id='word_1_17' title='bbox 1207 411 1256 468; x_wconf 92' lang='lat' dir='ltr'><strong>pro</strong></span> <span class='ocrx_word' id='word_1_18' title='bbox 1270 409 1351 454; x_wconf 88' lang='lat' dir='ltr'><strong>serre</strong></span> <span class='ocrx_word' id='word_1_19' title='bbox 1364 392 1556 452; x_wconf 81' lang='lat' dir='ltr'><strong>charissimum</strong></span> <span class='ocrx_word' id='word_1_20' title='bbox 1568 395 1693 466; x_wconf 77' lang='lat' dir='ltr'><strong>fratrem,</strong></span> <span class='ocrx_word' id='word_1_21' title='bbox 1706 413 1764 454; x_wconf 83' lang='lat' dir='ltr'><strong>ma·</strong></span> 
     </span>
     <span class='ocr_line' id='line_1_3' title="bbox 108 486 1762 560; baseline 0.001 -16"><span class='ocrx_word' id='word_1_22' title='bbox 108 486 281 544; x_wconf 87' lang='lat' dir='ltr'><strong>incbaritate</strong></span> <span class='ocrx_word' id='word_1_23' title='bbox 291 497 334 543; x_wconf 93' lang='lat' dir='ltr'><strong>tua</strong></span> <span class='ocrx_word' id='word_1_24' title='bbox 347 487 426 557; x_wconf 89' lang='lat' dir='ltr'><strong>:quia</strong></span> <span class='ocrx_word' id='word_1_25' title='bbox 436 487 542 545; x_wconf 82' lang='lat' dir='ltr'><strong>uiscera</strong></span> <span class='ocrx_word' id='word_1_26' title='bbox 554 498 708 544; x_wconf 89' lang='lat' dir='ltr'><strong>sanctorum</strong></span> <span class='ocrx_word' id='word_1_27' title='bbox 719 488 912 560; x_wconf 80' lang='lat' dir='ltr'><strong>requieverunt</strong></span> <span class='ocrx_word' id='word_1_28' title='bbox 964 487 1037 542; x_wconf 79' lang='lat' dir='ltr'><strong>rime</strong></span> <span class='ocrx_word' id='word_1_29' title='bbox 1053 487 1134 556; x_wconf 78' lang='lat' dir='ltr'><strong>miiri3</strong></span> <span class='ocrx_word' id='word_1_30' title='bbox 1161 497 1262 560; x_wconf 89' lang='lat' dir='ltr'><strong>quanto</strong></span> <span class='ocrx_word' id='word_1_31' title='bbox 1277 495 1367 543; x_wconf 75' lang='lat' dir='ltr'><strong>atatem</strong></span> <span class='ocrx_word' id='word_1_32' title='bbox 1381 487 1467 560; x_wconf 77' lang='lat' dir='ltr'><strong>magis</strong></span> <span class='ocrx_word' id='word_1_33' title='bbox 1482 486 1547 558; x_wconf 86' lang='lat' dir='ltr'><strong>tibi,</strong></span> <span class='ocrx_word' id='word_1_34' title='bbox 1569 497 1596 546; x_wconf 90' lang='lat' dir='ltr'><strong>et</strong></span> <span class='ocrx_word' id='word_1_35' title='bbox 1620 487 1648 544; x_wconf 89' lang='lat' dir='ltr'><strong>in</strong></span> <span class='ocrx_word' id='word_1_36' title='bbox 1669 504 1762 552; x_wconf 87' lang='lat' dir='ltr'><strong>carne.</strong></span> 
     </span>
     <span class='ocr_line' id='line_1_4' title="bbox 109 579 1764 655; baseline 0 -18"><span class='ocrx_word' id='word_1_37' title='bbox 109 580 911 654; x_wconf 81' lang='lat' dir='ltr'><strong>perre.irater.Propterquodmuitmnirduciamirabensin</strong></span> <span class='ocrx_word' id='word_1_38' title='bbox 964 594 990 636; x_wconf 90' lang='lat' dir='ltr'><strong>et</strong></span> <span class='ocrx_word' id='word_1_39' title='bbox 1007 580 1033 636; x_wconf 93' lang='lat' dir='ltr'><strong>in</strong></span> <span class='ocrx_word' id='word_1_40' title='bbox 1048 581 1182 638; x_wconf 84' lang='lat' dir='ltr'><strong>bomine!</strong></span> <span class='ocrx_word' id='word_1_41' title='bbox 1212 581 1235 636; x_wconf 87' lang='lat' dir='ltr'><strong>si</strong></span> <span class='ocrx_word' id='word_1_42' title='bbox 1254 596 1320 650; x_wconf 75' lang='lat' dir='ltr'><strong>ergo</strong></span> <span class='ocrx_word' id='word_1_43' title='bbox 1338 579 1422 638; x_wconf 87' lang='lat' dir='ltr'><strong>habes</strong></span> <span class='ocrx_word' id='word_1_44' title='bbox 1441 596 1486 636; x_wconf 90' lang='lat' dir='ltr'><strong>me</strong></span> <span class='ocrx_word' id='word_1_45' title='bbox 1507 581 1627 651; x_wconf 86' lang='lat' dir='ltr'><strong>socium,</strong></span> <span class='ocrx_word' id='word_1_46' title='bbox 1654 583 1764 655; x_wconf 80' lang='lat' dir='ltr'>suscipe</span> 
     </span>
     <span class='ocr_line' id='line_1_5' title="bbox 109 672 1765 748; baseline 0 -19"><span class='ocrx_word' id='word_1_47' title='bbox 109 673 913 748; x_wconf 77' lang='lat' dir='ltr'><strong>Christoiesuirnperanditibiqundadrempertinet:prop·</strong></span> <span class='ocrx_word' id='word_1_48' title='bbox 965 672 1042 730; x_wconf 88' lang='lat' dir='ltr'><strong>iilum</strong></span> <span class='ocrx_word' id='word_1_49' title='bbox 1056 673 1126 729; x_wconf 86' lang='lat' dir='ltr'><strong>sicut</strong></span> <span class='ocrx_word' id='word_1_50' title='bbox 1140 690 1200 731; x_wconf 84' lang='lat' dir='ltr'><strong>me:</strong></span> <span class='ocrx_word' id='word_1_51' title='bbox 1217 673 1245 732; x_wconf 90' lang='lat' dir='ltr'><strong>Si</strong></span> <span class='ocrx_word' id='word_1_52' title='bbox 1260 683 1352 730; x_wconf 89' lang='lat' dir='ltr'><strong>autem</strong></span> <span class='ocrx_word' id='word_1_53' title='bbox 1367 673 1468 745; x_wconf 85' lang='lat' dir='ltr'><strong>aliquid</strong></span> <span class='ocrx_word' id='word_1_54' title='bbox 1482 673 1574 728; x_wconf 89' lang='lat' dir='ltr'><strong>nocuit</strong></span> <span class='ocrx_word' id='word_1_55' title='bbox 1589 673 1647 741; x_wconf 81' lang='lat' dir='ltr'><strong>titii,</strong></span> <span class='ocrx_word' id='word_1_56' title='bbox 1662 681 1708 730; x_wconf 88' lang='lat' dir='ltr'><strong>aut</strong></span> <span class='ocrx_word' id='word_1_57' title='bbox 1718 674 1765 729; x_wconf 93' lang='lat' dir='ltr'><strong>de·</strong></span> 
     </span>
     <span class='ocr_line' id='line_1_6' title="bbox 110 755 1766 842; baseline -0.002 -18"><span class='ocrx_word' id='word_1_58' title='bbox 110 777 152 824; x_wconf 92' lang='lat' dir='ltr'><strong>tcr</strong></span> <span class='ocrx_word' id='word_1_59' title='bbox 162 769 325 826; x_wconf 84' lang='lat' dir='ltr'><strong>charitatem</strong></span> <span class='ocrx_word' id='word_1_60' title='bbox 335 768 623 842; x_wconf 66' lang='lat' dir='ltr'><strong>magisobsecrmcum</strong></span> <span class='ocrx_word' id='word_1_61' title='bbox 639 769 677 824; x_wconf 91' lang='lat' dir='ltr'><strong>sis</strong></span> <span class='ocrx_word' id='word_1_62' title='bbox 691 768 762 833; x_wconf 80' lang='lat' dir='ltr'><strong>talis,</strong></span> <span class='ocrx_word' id='word_1_63' title='bbox 777 767 912 823; x_wconf 86' lang='lat' dir='ltr'><strong>utPnuius</strong></span> <span class='ocrx_word' id='word_1_64' title='bbox 965 764 1027 833; x_wconf 89' lang='lat' dir='ltr'><strong>bet;</strong></span> <span class='ocrx_word' id='word_1_65' title='bbox 1043 765 1095 824; x_wconf 88' lang='lat' dir='ltr'><strong>bec</strong></span> <span class='ocrx_word' id='word_1_66' title='bbox 1109 766 1174 822; x_wconf 89' lang='lat' dir='ltr'><strong>nrihi</strong></span> <span class='ocrx_word' id='word_1_67' title='bbox 1190 767 1305 839; x_wconf 85' lang='lat' dir='ltr'><strong>imputa.</strong></span> <span class='ocrx_word' id='word_1_68' title='bbox 1337 765 1393 838; x_wconf 80' lang='lat' dir='ltr'><strong>Ego</strong></span> <span class='ocrx_word' id='word_1_69' title='bbox 1410 765 1510 821; x_wconf 81' lang='lat' dir='ltr'><strong>Penius</strong></span> <span class='ocrx_word' id='word_1_70' title='bbox 1524 755 1620 837; x_wconf 90' lang='lat' dir='ltr'><strong>scripsi</strong></span> <span class='ocrx_word' id='word_1_71' title='bbox 1635 780 1695 820; x_wconf 88' lang='lat' dir='ltr'><strong>mea</strong></span> <span class='ocrx_word' id='word_1_72' title='bbox 1709 781 1766 821; x_wconf 88' lang='lat' dir='ltr'><strong>ma-</strong></span> 
     </span>
     <span class='ocr_line' id='line_1_7' title="bbox 111 859 1765 932; baseline -0.003 -12"><span class='ocrx_word' id='word_1_73' title='bbox 111 878 207 932; x_wconf 75' lang='lat' dir='ltr'><strong>rcnes,</strong></span> <span class='ocrx_word' id='word_1_74' title='bbox 218 873 390 921; x_wconf 89' lang='lat' dir='ltr'><strong>nuncautem</strong></span> <span class='ocrx_word' id='word_1_75' title='bbox 406 873 434 918; x_wconf 87' lang='lat' dir='ltr'><strong>et</strong></span> <span class='ocrx_word' id='word_1_76' title='bbox 446 863 552 920; x_wconf 78' lang='lat' dir='ltr'><strong>rinctus</strong></span> <span class='ocrx_word' id='word_1_77' title='bbox 563 863 628 919; x_wconf 79' lang='lat' dir='ltr'><strong>iesu</strong></span> <span class='ocrx_word' id='word_1_78' title='bbox 636 861 747 930; x_wconf 85' lang='lat' dir='ltr'><strong>Christi,</strong></span> <span class='ocrx_word' id='word_1_79' title='bbox 759 863 875 918; x_wconf 84' lang='lat' dir='ltr'><strong>ebsecro</strong></span> <span class='ocrx_word' id='word_1_80' title='bbox 886 871 913 916; x_wconf 93' lang='lat' dir='ltr'><strong>te</strong></span> <span class='ocrx_word' id='word_1_81' title='bbox 965 876 1018 917; x_wconf 93' lang='lat' dir='ltr'><strong>uu:</strong></span> <span class='ocrx_word' id='word_1_82' title='bbox 1034 875 1086 932; x_wconf 80' lang='lat' dir='ltr'><strong>cgo</strong></span> <span class='ocrx_word' id='word_1_83' title='bbox 1100 859 1233 928; x_wconf 85' lang='lat' dir='ltr'><strong>reddant,</strong></span> <span class='ocrx_word' id='word_1_84' title='bbox 1257 870 1359 917; x_wconf 85' lang='lat' dir='ltr'><strong>ut&#39;nun</strong></span> <span class='ocrx_word' id='word_1_85' title='bbox 1375 859 1463 916; x_wconf 87' lang='lat' dir='ltr'><strong>dicam</strong></span> <span class='ocrx_word' id='word_1_86' title='bbox 1485 860 1550 924; x_wconf 85' lang='lat' dir='ltr'><strong>tibi,</strong></span> <span class='ocrx_word' id='word_1_87' title='bbox 1575 861 1646 931; x_wconf 88' lang='lat' dir='ltr'><strong>quud</strong></span> <span class='ocrx_word' id='word_1_88' title='bbox 1671 871 1697 917; x_wconf 93' lang='lat' dir='ltr'><strong>et</strong></span> <span class='ocrx_word' id='word_1_89' title='bbox 1723 867 1765 916; x_wconf 90' lang='lat' dir='ltr'><strong>te-</strong></span> 
     </span>
     <span class='ocr_line' id='line_1_8' title="bbox 111 951 1765 1028; baseline -0.001 -16"><span class='ocrx_word' id='word_1_90' title='bbox 111 955 317 1028; x_wconf 72' lang='lat' dir='ltr'><strong>premortuo,</strong></span> <span class='ocrx_word' id='word_1_91' title='bbox 332 955 680 1028; x_wconf 74' lang='lat' dir='ltr'><strong>quetuqenuiinriurniis</strong></span> <span class='ocrx_word' id='word_1_92' title='bbox 700 953 843 1020; x_wconf 82' lang='lat' dir='ltr'>onesimo,</span> <span class='ocrx_word' id='word_1_93' title='bbox 867 954 913 1025; x_wconf 92' lang='lat' dir='ltr'><strong>qui</strong></span> <span class='ocrx_word' id='word_1_94' title='bbox 966 951 1055 1024; x_wconf 88' lang='lat' dir='ltr'><strong>ipsum</strong></span> <span class='ocrx_word' id='word_1_95' title='bbox 1076 953 1142 1008; x_wconf 86' lang='lat' dir='ltr'><strong>mihi</strong></span> <span class='ocrx_word' id='word_1_96' title='bbox 1162 954 1262 1012; x_wconf 88' lang='lat' dir='ltr'><strong>debes:</strong></span> <span class='ocrx_word' id='word_1_97' title='bbox 1279 954 1316 1010; x_wconf 85' lang='lat' dir='ltr'><strong>its</strong></span> <span class='ocrx_word' id='word_1_98' title='bbox 1338 951 1403 1028; x_wconf 82' lang='lat' dir='ltr'><strong>[iis.</strong></span> <span class='ocrx_word' id='word_1_99' title='bbox 1421 951 1537 1025; x_wconf 87' lang='lat' dir='ltr'><strong>itaque],</strong></span> <span class='ocrx_word' id='word_1_100' title='bbox 1555 952 1649 1010; x_wconf 81' lang='lat' dir='ltr'><strong>irater.</strong></span> <span class='ocrx_word' id='word_1_101' title='bbox 1667 951 1724 1025; x_wconf 73' lang='lat' dir='ltr'><strong>Ego</strong></span> <span class='ocrx_word' id='word_1_102' title='bbox 1739 961 1765 1010; x_wconf 87' lang='lat' dir='ltr'><strong>te</strong></span> 
     </span>
     <span class='ocr_line' id='line_1_9' title="bbox 113 1043 1767 1122; baseline -0.005 -13"><span class='ocrx_word' id='word_1_103' title='bbox 113 1052 161 1109; x_wconf 89' lang='lat' dir='ltr'><strong>tibi</strong></span> <span class='ocrx_word' id='word_1_104' title='bbox 171 1049 320 1122; x_wconf 82' lang='lat' dir='ltr'><strong>aliquando</strong></span> <span class='ocrx_word' id='word_1_105' title='bbox 333 1051 437 1106; x_wconf 86' lang='lat' dir='ltr'><strong>inutilis</strong></span> <span class='ocrx_word' id='word_1_106' title='bbox 450 1049 513 1120; x_wconf 88' lang='lat' dir='ltr'><strong>init,</strong></span> <span class='ocrx_word' id='word_1_107' title='bbox 526 1066 596 1106; x_wconf 85' lang='lat' dir='ltr'><strong>nnnr</strong></span> <span class='ocrx_word' id='word_1_108' title='bbox 609 1060 701 1106; x_wconf 87' lang='lat' dir='ltr'><strong>autent</strong></span> <span class='ocrx_word' id='word_1_109' title='bbox 713 1057 739 1105; x_wconf 92' lang='lat' dir='ltr'><strong>et</strong></span> <span class='ocrx_word' id='word_1_110' title='bbox 750 1048 815 1104; x_wconf 89' lang='lat' dir='ltr'><strong>mibi</strong></span> <span class='ocrx_word' id='word_1_111' title='bbox 827 1059 854 1105; x_wconf 90' lang='lat' dir='ltr'><strong>et</strong></span> <span class='ocrx_word' id='word_1_112' title='bbox 866 1047 914 1102; x_wconf 87' lang='lat' dir='ltr'><strong>tibi</strong></span> <span class='ocrx_word' id='word_1_113' title='bbox 966 1043 1042 1100; x_wconf 84' lang='lat' dir='ltr'><strong>trnar</strong></span> <span class='ocrx_word' id='word_1_114' title='bbox 1057 1043 1084 1100; x_wconf 94' lang='lat' dir='ltr'><strong>in</strong></span> <span class='ocrx_word' id='word_1_115' title='bbox 1099 1045 1224 1100; x_wconf 83' lang='lat' dir='ltr'><strong>Domino.</strong></span> <span class='ocrx_word' id='word_1_116' title='bbox 1254 1043 1345 1101; x_wconf 73' lang='lat' dir='ltr'><strong>iieflee</strong></span> <span class='ocrx_word' id='word_1_117' title='bbox 1366 1045 1470 1102; x_wconf 86' lang='lat' dir='ltr'><strong>viscera</strong></span> <span class='ocrx_word' id='word_1_118' title='bbox 1492 1059 1553 1100; x_wconf 89' lang='lat' dir='ltr'><strong>mea</strong></span> <span class='ocrx_word' id='word_1_119' title='bbox 1571 1045 1597 1099; x_wconf 92' lang='lat' dir='ltr'><strong>in</strong></span> <span class='ocrx_word' id='word_1_120' title='bbox 1611 1043 1625 1083; x_wconf 78' lang='lat'><strong>¹³</strong></span> <span class='ocrx_word' id='word_1_121' title='bbox 1641 1045 1767 1102; x_wconf 82' lang='lat' dir='ltr'><strong>bomine.</strong></span> 
     </span>
     <span class='ocr_line' id='line_1_10' title="bbox 112 1135 1768 1214; baseline -0.003 -15"><span class='ocrx_word' id='word_1_122' title='bbox 112 1142 198 1211; x_wconf 85' lang='lat' dir='ltr'><strong>utitis,</strong></span> <span class='ocrx_word' id='word_1_123' title='bbox 215 1157 297 1214; x_wconf 84' lang='lat' dir='ltr'><strong>quent</strong></span> <span class='ocrx_word' id='word_1_124' title='bbox 313 1143 405 1200; x_wconf 89' lang='lat' dir='ltr'><strong>remisi</strong></span> <span class='ocrx_word' id='word_1_125' title='bbox 423 1153 436 1181; x_wconf 82' lang='lat'><strong>¹</strong></span> <span class='ocrx_word' id='word_1_126' title='bbox 452 1142 511 1198; x_wconf 88' lang='lat' dir='ltr'><strong>tibi.</strong></span> <span class='ocrx_word' id='word_1_127' title='bbox 541 1141 582 1200; x_wconf 85' lang='lat' dir='ltr'><strong>&#39;iu</strong></span> <span class='ocrx_word' id='word_1_128' title='bbox 599 1143 797 1210; x_wconf 70' lang='lat' dir='ltr'><strong>nummulum,</strong></span> <span class='ocrx_word' id='word_1_129' title='bbox 813 1151 914 1196; x_wconf 91' lang='lat' dir='ltr'><strong>utmea</strong></span> <span class='ocrx_word' id='word_1_130' title='bbox 966 1135 1113 1194; x_wconf 78' lang='lat' dir='ltr'><strong>considens</strong></span> <span class='ocrx_word' id='word_1_131' title='bbox 1130 1138 1156 1194; x_wconf 91' lang='lat' dir='ltr'><strong>in</strong></span> <span class='ocrx_word' id='word_1_132' title='bbox 1170 1137 1326 1195; x_wconf 87' lang='lat' dir='ltr'><strong>obedientia</strong></span> <span class='ocrx_word' id='word_1_133' title='bbox 1343 1146 1387 1194; x_wconf 89' lang='lat' dir='ltr'><strong>tua</strong></span> <span class='ocrx_word' id='word_1_134' title='bbox 1400 1137 1499 1209; x_wconf 82' lang='lat' dir='ltr'><strong>scripsi</strong></span> <span class='ocrx_word' id='word_1_135' title='bbox 1516 1137 1582 1195; x_wconf 88' lang='lat' dir='ltr'><strong>tibi:</strong></span> <span class='ocrx_word' id='word_1_136' title='bbox 1596 1139 1687 1195; x_wconf 89' lang='lat' dir='ltr'><strong>sciens</strong></span> <span class='ocrx_word' id='word_1_137' title='bbox 1698 1154 1768 1209; x_wconf 92' lang='lat' dir='ltr'><strong>quo·</strong></span> 
     </span>
     <span class='ocr_line' id='line_1_11' title="bbox 110 1229 1767 1307; baseline -0.001 -18"><span class='ocrx_word' id='word_1_138' title='bbox 110 1235 237 1302; x_wconf 74' lang='lat' dir='ltr'><strong>viscera,</strong></span> <span class='ocrx_word' id='word_1_139' title='bbox 259 1235 383 1306; x_wconf 77' lang='lat' dir='ltr'>suscipe:</span> <span class='ocrx_word' id='word_1_140' title='bbox 396 1234 491 1307; x_wconf 89' lang='lat' dir='ltr'><strong>quem</strong></span> <span class='ocrx_word' id='word_1_141' title='bbox 505 1250 555 1307; x_wconf 79' lang='lat' dir='ltr'><strong>eqo</strong></span> <span class='ocrx_word' id='word_1_142' title='bbox 571 1235 709 1293; x_wconf 85' lang='lat' dir='ltr'><strong>roiricram</strong></span> <span class='ocrx_word' id='word_1_143' title='bbox 724 1249 831 1292; x_wconf 82' lang='lat' dir='ltr'><strong>nrecurn</strong></span> <span class='ocrx_word' id='word_1_144' title='bbox 846 1233 914 1289; x_wconf 88' lang='lat' dir='ltr'><strong>deti·</strong></span> <span class='ocrx_word' id='word_1_145' title='bbox 967 1230 1041 1286; x_wconf 83' lang='lat' dir='ltr'><strong>niam</strong></span> <span class='ocrx_word' id='word_1_146' title='bbox 1057 1241 1084 1288; x_wconf 87' lang='lat' dir='ltr'><strong>et</strong></span> <span class='ocrx_word' id='word_1_147' title='bbox 1099 1247 1182 1302; x_wconf 87' lang='lat' dir='ltr'><strong>snper</strong></span> <span class='ocrx_word' id='word_1_148' title='bbox 1204 1233 1245 1299; x_wconf 88' lang='lat' dir='ltr'><strong>id,</strong></span> <span class='ocrx_word' id='word_1_149' title='bbox 1272 1233 1343 1302; x_wconf 89' lang='lat' dir='ltr'><strong>quod</strong></span> <span class='ocrx_word' id='word_1_150' title='bbox 1359 1231 1429 1298; x_wconf 87' lang='lat' dir='ltr'><strong>dico,</strong></span> <span class='ocrx_word' id='word_1_151' title='bbox 1446 1229 1541 1290; x_wconf 84' lang='lat' dir='ltr'><strong>iacies.</strong></span> <span class='ocrx_word' id='word_1_152' title='bbox 1567 1229 1654 1287; x_wconf 86' lang='lat' dir='ltr'><strong>Simul</strong></span> <span class='ocrx_word' id='word_1_153' title='bbox 1674 1240 1767 1289; x_wconf 88' lang='lat' dir='ltr'><strong>autem</strong></span> 
     </span>
     <span class='ocr_line' id='line_1_12' title="bbox 111 1311 1770 1402; baseline -0.002 -17"><span class='ocrx_word' id='word_1_154' title='bbox 111 1343 194 1396; x_wconf 88' lang='lat' dir='ltr'><strong>uere,</strong></span> <span class='ocrx_word' id='word_1_155' title='bbox 213 1337 243 1386; x_wconf 90' lang='lat' dir='ltr'><strong>ut</strong></span> <span class='ocrx_word' id='word_1_156' title='bbox 258 1344 307 1401; x_wconf 91' lang='lat' dir='ltr'><strong>pro</strong></span> <span class='ocrx_word' id='word_1_157' title='bbox 322 1337 348 1386; x_wconf 93' lang='lat' dir='ltr'><strong>te</strong></span> <span class='ocrx_word' id='word_1_158' title='bbox 361 1329 426 1386; x_wconf 88' lang='lat' dir='ltr'><strong>mibi</strong></span> <span class='ocrx_word' id='word_1_159' title='bbox 442 1327 607 1384; x_wconf 82' lang='lat' dir='ltr'><strong>ministraret</strong></span> <span class='ocrx_word' id='word_1_160' title='bbox 625 1329 651 1384; x_wconf 90' lang='lat' dir='ltr'><strong>in</strong></span> <span class='ocrx_word' id='word_1_161' title='bbox 665 1327 779 1383; x_wconf 84' lang='lat' dir='ltr'><strong>rincuiis</strong></span> <span class='ocrx_word' id='word_1_162' title='bbox 793 1325 919 1402; x_wconf 68' lang='lat' dir='ltr'><strong>Euange-</strong></span> <span class='ocrx_word' id='word_1_163' title='bbox 968 1331 996 1380; x_wconf 88' lang='lat' dir='ltr'><strong>et</strong></span> <span class='ocrx_word' id='word_1_164' title='bbox 1023 1341 1086 1396; x_wconf 90' lang='lat' dir='ltr'><strong>para</strong></span> <span class='ocrx_word' id='word_1_165' title='bbox 1108 1311 1179 1382; x_wconf 75' lang='lat' dir='ltr'><strong>&#39;mihi</strong></span> <span class='ocrx_word' id='word_1_166' title='bbox 1202 1325 1368 1397; x_wconf 85' lang='lat' dir='ltr'><strong>hospitium:</strong></span> <span class='ocrx_word' id='word_1_167' title='bbox 1394 1341 1455 1382; x_wconf 83' lang='lat' dir='ltr'><strong>narn</strong></span> <span class='ocrx_word' id='word_1_168' title='bbox 1472 1341 1553 1397; x_wconf 88' lang='lat' dir='ltr'><strong>spero</strong></span> <span class='ocrx_word' id='word_1_169' title='bbox 1568 1325 1770 1396; x_wconf 88' lang='lat' dir='ltr'><strong>perorationes</strong></span> 
     </span>
     <span class='ocr_line' id='line_1_13' title="bbox 111 1417 1771 1490; baseline -0.003 -12"><span class='ocrx_word' id='word_1_170' title='bbox 111 1420 158 1478; x_wconf 85' lang='lat' dir='ltr'><strong>iii:</strong></span> <span class='ocrx_word' id='word_1_171' title='bbox 184 1421 247 1479; x_wconf 89' lang='lat' dir='ltr'><strong>sine</strong></span> <span class='ocrx_word' id='word_1_172' title='bbox 267 1421 383 1478; x_wconf 83' lang='lat' dir='ltr'><strong>consuto</strong></span> <span class='ocrx_word' id='word_1_173' title='bbox 402 1432 493 1478; x_wconf 83' lang='lat' dir='ltr'><strong>autent</strong></span> <span class='ocrx_word' id='word_1_174' title='bbox 514 1430 560 1478; x_wconf 91' lang='lat' dir='ltr'><strong>tuo</strong></span> <span class='ocrx_word' id='word_1_175' title='bbox 573 1421 641 1477; x_wconf 92' lang='lat' dir='ltr'><strong>nihii</strong></span> <span class='ocrx_word' id='word_1_176' title='bbox 655 1421 729 1477; x_wconf 77' lang='lat' dir='ltr'><strong>roisri</strong></span> <span class='ocrx_word' id='word_1_177' title='bbox 745 1419 852 1484; x_wconf 85' lang='lat' dir='ltr'><strong>iacere.</strong></span> <span class='ocrx_word' id='word_1_178' title='bbox 878 1419 916 1475; x_wconf 90' lang='lat' dir='ltr'><strong>uri</strong></span> <span class='ocrx_word' id='word_1_179' title='bbox 969 1428 1075 1475; x_wconf 80' lang='lat' dir='ltr'><strong>vestras</strong></span> <span class='ocrx_word' id='word_1_180' title='bbox 1090 1419 1185 1476; x_wconf 87' lang='lat' dir='ltr'><strong>donari</strong></span> <span class='ocrx_word' id='word_1_181' title='bbox 1199 1435 1241 1475; x_wconf 89' lang='lat' dir='ltr'><strong>mc</strong></span> <span class='ocrx_word' id='word_1_182' title='bbox 1257 1420 1345 1476; x_wconf 85' lang='lat' dir='ltr'><strong>robis.</strong></span> <span class='ocrx_word' id='word_1_183' title='bbox 1372 1419 1478 1475; x_wconf 88' lang='lat' dir='ltr'><strong>Salutat</strong></span> <span class='ocrx_word' id='word_1_184' title='bbox 1497 1427 1523 1476; x_wconf 94' lang='lat' dir='ltr'><strong>te</strong></span> <span class='ocrx_word' id='word_1_185' title='bbox 1539 1417 1682 1490; x_wconf 76' lang='lat' dir='ltr'>Epaphras</span> <span class='ocrx_word' id='word_1_186' title='bbox 1703 1432 1771 1474; x_wconf 90' lang='lat' dir='ltr'><strong>con·</strong></span> 
     </span>
    </p>
   </div>
   <div class='ocr_carea' id='block_1_3' title="bbox 112 1509 1890 1588">
    <p class='ocr_par' dir='ltr' id='par_1_3' title="bbox 112 1509 1890 1588">
     <span class='ocr_line' id='line_1_14' title="bbox 112 1509 1890 1588; baseline -0.003 -20"><span class='ocrx_word' id='word_1_187' title='bbox 112 1513 179 1588; x_wconf 81' lang='lat' dir='ltr'><strong>[iis.</strong></span> <span class='ocrx_word' id='word_1_188' title='bbox 192 1513 234 1588; x_wconf 87' lang='lat' dir='ltr'><strong>ut]</strong></span> <span class='ocrx_word' id='word_1_189' title='bbox 254 1529 288 1570; x_wconf 94' lang='lat' dir='ltr'><strong>ne</strong></span> <span class='ocrx_word' id='word_1_190' title='bbox 305 1514 381 1570; x_wconf 87' lang='lat' dir='ltr'><strong>reiut</strong></span> <span class='ocrx_word' id='word_1_191' title='bbox 401 1517 612 1582; x_wconf 79' lang='lat' dir='ltr'><strong>croccessitate</strong></span> <span class='ocrx_word' id='word_1_192' title='bbox 627 1515 727 1572; x_wconf 85' lang='lat' dir='ltr'><strong>bonum</strong></span> <span class='ocrx_word' id='word_1_193' title='bbox 743 1523 818 1570; x_wconf 89' lang='lat' dir='ltr'><strong>tuum</strong></span> <span class='ocrx_word' id='word_1_194' title='bbox 832 1521 915 1583; x_wconf 89' lang='lat' dir='ltr'><strong>esset,</strong></span> <span class='ocrx_word' id='word_1_195' title='bbox 969 1509 1768 1583; x_wconf 77' lang='lat' dir='ltr'><strong>captivusmenstnctntsrotesn,ttarcrrs‚trtstsrctsrr=‚</strong></span> <span class='ocrx_word' id='word_1_196' title='bbox 1885 1525 1890 1541; x_wconf 54' lang='grc' dir='ltr'>ι</span> 
     </span>
    </p>
   </div>
   <div class='ocr_carea' id='block_1_4' title="bbox 111 1603 1770 1772">
    <p class='ocr_par' dir='ltr' id='par_1_4' title="bbox 111 1603 1770 1772">
     <span class='ocr_line' id='line_1_15' title="bbox 111 1603 1770 1678; baseline -0.001 -17"><span class='ocrx_word' id='word_1_197' title='bbox 111 1605 162 1662; x_wconf 85' lang='lat' dir='ltr'><strong>sed</strong></span> <span class='ocrx_word' id='word_1_198' title='bbox 178 1605 374 1663; x_wconf 88' lang='lat' dir='ltr'><strong>ruinutarium.</strong></span> <span class='ocrx_word' id='word_1_199' title='bbox 412 1605 538 1663; x_wconf 73' lang='lat' dir='ltr'><strong>Forsitan</strong></span> <span class='ocrx_word' id='word_1_200' title='bbox 560 1608 634 1665; x_wconf 87' lang='lat' dir='ltr'><strong>enirn</strong></span> <span class='ocrx_word' id='word_1_201' title='bbox 653 1607 715 1663; x_wconf 85' lang='lat' dir='ltr'><strong>ideo</strong></span> <span class='ocrx_word' id='word_1_202' title='bbox 738 1606 863 1663; x_wconf 78' lang='lat' dir='ltr'><strong>discessit</strong></span> <span class='ocrx_word' id='word_1_203' title='bbox 882 1603 916 1661; x_wconf 89' lang='lat' dir='ltr'><strong>ad</strong></span> <span class='ocrx_word' id='word_1_204' title='bbox 966 1605 1084 1676; x_wconf 81' lang='lat' dir='ltr'><strong>Demus,</strong></span> <span class='ocrx_word' id='word_1_205' title='bbox 1099 1605 1204 1674; x_wconf 86' lang='lat' dir='ltr'><strong>Lucas,</strong></span> <span class='ocrx_word' id='word_1_206' title='bbox 1226 1605 1365 1678; x_wconf 83' lang='lat' dir='ltr'><strong>adjutores</strong></span> <span class='ocrx_word' id='word_1_207' title='bbox 1387 1605 1450 1662; x_wconf 86' lang='lat' dir='ltr'><strong>mei.</strong></span> <span class='ocrx_word' id='word_1_208' title='bbox 1476 1605 1568 1662; x_wconf 87' lang='lat' dir='ltr'><strong>Gratia</strong></span> <span class='ocrx_word' id='word_1_209' title='bbox 1588 1605 1697 1661; x_wconf 83' lang='lat' dir='ltr'><strong>Domini</strong></span> <span class='ocrx_word' id='word_1_210' title='bbox 1720 1621 1770 1660; x_wconf 89' lang='lat' dir='ltr'><strong>nu-</strong></span> 
     </span>
     <span class='ocr_line' id='line_1_16' title="bbox 111 1697 1629 1772; baseline -0.001 -16"><span class='ocrx_word' id='word_1_211' title='bbox 111 1698 238 1757; x_wconf 89' lang='lat' dir='ltr'><strong>borama</strong></span> <span class='ocrx_word' id='word_1_212' title='bbox 254 1710 299 1768; x_wconf 89' lang='lat' dir='ltr'><strong>te,</strong></span> <span class='ocrx_word' id='word_1_213' title='bbox 322 1706 352 1758; x_wconf 90' lang='lat' dir='ltr'><strong>ut</strong></span> <span class='ocrx_word' id='word_1_214' title='bbox 364 1708 497 1758; x_wconf 80' lang='lat' dir='ltr'><strong>aeternum</strong></span> <span class='ocrx_word' id='word_1_215' title='bbox 512 1699 589 1756; x_wconf 88' lang='lat' dir='ltr'><strong>iiinnr</strong></span> <span class='ocrx_word' id='word_1_216' title='bbox 604 1699 756 1771; x_wconf 79' lang='lat' dir='ltr'><strong>reciperes:</strong></span> <span class='ocrx_word' id='word_1_217' title='bbox 782 1701 838 1769; x_wconf 74' lang='lat' dir='ltr'><strong>iarn</strong></span> <span class='ocrx_word' id='word_1_218' title='bbox 862 1713 916 1754; x_wconf 94' lang='lat' dir='ltr'><strong>non</strong></span> <span class='ocrx_word' id='word_1_219' title='bbox 968 1697 1018 1756; x_wconf 92' lang='lat' dir='ltr'><strong>stri</strong></span> <span class='ocrx_word' id='word_1_220' title='bbox 1032 1699 1097 1756; x_wconf 83' lang='lat' dir='ltr'><strong>iesu</strong></span> <span class='ocrx_word' id='word_1_221' title='bbox 1111 1699 1211 1756; x_wconf 75' lang='lat' dir='ltr'><strong>Christi</strong></span> <span class='ocrx_word' id='word_1_222' title='bbox 1226 1715 1287 1756; x_wconf 89' lang='lat' dir='ltr'><strong>eum</strong></span> <span class='ocrx_word' id='word_1_223' title='bbox 1301 1697 1400 1772; x_wconf 85' lang='lat' dir='ltr'><strong>spiritu</strong></span> <span class='ocrx_word' id='word_1_224' title='bbox 1414 1706 1514 1756; x_wconf 77' lang='lat' dir='ltr'><strong>restro</strong></span> <span class='ocrx_word' id='word_1_225' title='bbox 1530 1697 1629 1755; x_wconf 75' lang='lat' dir='ltr'><strong>durau.</strong></span> 
     </span>
    </p>
   </div>
   <div class='ocr_carea' id='block_1_5' title="bbox 149 1811 1769 2052">
    <p class='ocr_par' dir='ltr' id='par_1_5' title="bbox 149 1811 1769 2052">
     <span class='ocr_line' id='line_1_17' title="bbox 554 1811 1321 1888; baseline 0.001 -19"><span class='ocrx_word' id='word_1_226' title='bbox 554 1811 672 1888; x_wconf 83' lang='lat' dir='ltr'><strong>Ecpiicit</strong></span> <span class='ocrx_word' id='word_1_227' title='bbox 685 1813 804 1887; x_wconf 76' lang='lat' dir='ltr'><strong>Epistola</strong></span> <span class='ocrx_word' id='word_1_228' title='bbox 816 1813 849 1872; x_wconf 86' lang='lat' dir='ltr'><strong>B.</strong></span> <span class='ocrx_word' id='word_1_229' title='bbox 867 1813 1074 1888; x_wconf 70' lang='lat' dir='ltr'><strong>contraponat</strong></span> <span class='ocrx_word' id='word_1_230' title='bbox 1085 1816 1120 1872; x_wconf 88' lang='lat' dir='ltr'><strong>od</strong></span> <span class='ocrx_word' id='word_1_231' title='bbox 1130 1813 1321 1872; x_wconf 85' lang='lat' dir='ltr'><strong>Piriiemorrem.</strong></span> 
     </span>
     <span class='ocr_line' id='line_1_18' title="bbox 149 1971 1769 2052; baseline 0.002 -24"><span class='ocrx_word' id='word_1_232' title='bbox 149 1978 165 2009; x_wconf 81' lang='lat'>⁸</span> <span class='ocrx_word' id='word_1_233' title='bbox 176 1971 268 2042; x_wconf 79' lang='lat' dir='ltr'><strong>mque</strong></span> <span class='ocrx_word' id='word_1_234' title='bbox 287 1971 333 2029; x_wconf 89' lang='lat' dir='ltr'><strong>bie</strong></span> <span class='ocrx_word' id='word_1_235' title='bbox 343 1986 494 2043; x_wconf 88' lang='lat' dir='ltr'><strong>pmnomen</strong></span> <span class='ocrx_word' id='word_1_236' title='bbox 514 1972 569 2040; x_wconf 80' lang='lat' dir='ltr'><strong>tibi,</strong></span> <span class='ocrx_word' id='word_1_237' title='bbox 588 1971 675 2029; x_wconf 84' lang='lat' dir='ltr'><strong>Paiat.</strong></span> <span class='ocrx_word' id='word_1_238' title='bbox 688 1987 740 2044; x_wconf 77' lang='lat' dir='ltr'><strong>urs.</strong></span> <span class='ocrx_word' id='word_1_239' title='bbox 753 1981 835 2043; x_wconf 84' lang='lat' dir='ltr'><strong>tacet,</strong></span> <span class='ocrx_word' id='word_1_240' title='bbox 848 1973 919 2046; x_wconf 91' lang='lat' dir='ltr'><strong>quod</strong></span> <span class='ocrx_word' id='word_1_241' title='bbox 936 1987 961 2052; x_wconf 87' lang='lat' dir='ltr'>B</span> <span class='ocrx_word' id='word_1_242' title='bbox 974 1973 1078 2030; x_wconf 73' lang='lat' dir='ltr'><strong>dicetis</strong></span> <span class='ocrx_word' id='word_1_243' title='bbox 1091 1981 1142 2030; x_wconf 84' lang='lat' dir='ltr'><strong>too</strong></span> <span class='ocrx_word' id='word_1_244' title='bbox 1156 1973 1271 2048; x_wconf 82' lang='lat' dir='ltr'><strong>scripsit,</strong></span> <span class='ocrx_word' id='word_1_245' title='bbox 1288 1980 1359 2044; x_wconf 82' lang='lat' dir='ltr'><strong>cte,</strong></span> <span class='ocrx_word' id='word_1_246' title='bbox 1376 1973 1575 2034; x_wconf 75' lang='lat' dir='ltr'><strong>contentiosius</strong></span> <span class='ocrx_word' id='word_1_247' title='bbox 1601 1972 1635 2031; x_wconf 90' lang='lat' dir='ltr'><strong>ad</strong></span> <span class='ocrx_word' id='word_1_248' title='bbox 1647 1971 1769 2032; x_wconf 75' lang='lat' dir='ltr'><strong>eroon</strong></span> 
     </span>
    </p>
   </div>
   <div class='ocr_carea' id='block_1_6' title="bbox 113 2043 1104 2186">
    <p class='ocr_par' dir='ltr' id='par_1_6' title="bbox 113 2043 1104 2186">
     <span class='ocr_line' id='line_1_19' title="bbox 113 2043 1104 2116; baseline 0.004 -18"><span class='ocrx_word' id='word_1_249' title='bbox 113 2043 356 2114; x_wconf 78' lang='lat' dir='ltr'><strong>nequeinGrar&#39;eo</strong></span> <span class='ocrx_word' id='word_1_250' title='bbox 368 2045 584 2116; x_wconf 84' lang='lat' dir='ltr'><strong>estarebetypo.</strong></span> <span class='ocrx_word' id='word_1_251' title='bbox 973 2044 1104 2102; x_wconf 86' lang='lat' dir='ltr'><strong>litteram.</strong></span> 
     </span>
     <span class='ocr_line' id='line_1_20' title="bbox 149 2112 922 2186; baseline 0.003 -15"><span class='ocrx_word' id='word_1_252' title='bbox 149 2112 165 2152; x_wconf 52' lang='grc' dir='ltr'>ὓ</span> <span class='ocrx_word' id='word_1_253' title='bbox 178 2113 255 2172; x_wconf 90' lang='lat' dir='ltr'><strong>idem</strong></span> <span class='ocrx_word' id='word_1_254' title='bbox 269 2129 339 2185; x_wconf 71' lang='lat' dir='ltr'><strong>rus„</strong></span> <span class='ocrx_word' id='word_1_255' title='bbox 353 2116 452 2174; x_wconf 74' lang='lat' dir='ltr'><strong>murro</strong></span> <span class='ocrx_word' id='word_1_256' title='bbox 466 2132 525 2172; x_wconf 83' lang='lat' dir='ltr'><strong>meo</strong></span> <span class='ocrx_word' id='word_1_257' title='bbox 537 2117 566 2171; x_wconf 86' lang='lat' dir='ltr'><strong>in</strong></span> <span class='ocrx_word' id='word_1_258' title='bbox 580 2113 695 2172; x_wconf 76' lang='lat' dir='ltr'><strong>canno.</strong></span> <span class='ocrx_word' id='word_1_259' title='bbox 708 2112 847 2186; x_wconf 73' lang='lat' dir='ltr'><strong>Confidam</strong></span> <span class='ocrx_word' id='word_1_260' title='bbox 862 2115 922 2174; x_wconf 82' lang='lat' dir='ltr'><strong>obe·</strong></span> 
     </span>
    </p>
   </div>
   <div class='ocr_carea' id='block_1_7' title="bbox 119 2258 1766 2276">
    <p class='ocr_par' dir='ltr' id='par_1_7' title="bbox 119 2258 1766 2276">
     <span class='ocr_line' id='line_1_21' title="bbox 119 2258 1766 2276; baseline 0 0"><span class='ocrx_word' id='word_1_261' title='bbox 119 2261 299 2276; x_wconf 62' lang='lat' dir='ltr'><strong>—u-</strong></span> <span class='ocrx_word' id='word_1_262' title='bbox 329 2264 358 2274; x_wconf 63' lang='grc' dir='ltr'><strong>α·</strong></span> <span class='ocrx_word' id='word_1_263' title='bbox 913 2258 1059 2272; x_wconf 74' lang='grc'><em>·“-·--·</em></span> <span class='ocrx_word' id='word_1_264' title='bbox 1076 2259 1669 2276; x_wconf 55' lang='lat' dir='ltr'><strong>-m---c——aw-·</strong></span> <span class='ocrx_word' id='word_1_265' title='bbox 1685 2263 1766 2275; x_wconf 70' lang='grc' dir='ltr'><strong>Ι--ιι-υιι</strong></span> 
     </span>
    </p>
   </div>
   <div class='ocr_carea' id='block_1_8' title="bbox 491 2335 1398 2499">
    <p class='ocr_par' dir='ltr' id='par_1_8' title="bbox 491 2335 1398 2499">
     <span class='ocr_line' id='line_1_22' title="bbox 491 2335 1398 2499; baseline 0.003 -4"><span class='ocrx_word' id='word_1_266' title='bbox 491 2382 582 2495; x_wconf 84' lang='lat' dir='ltr'><strong>rr.</strong></span> <span class='ocrx_word' id='word_1_267' title='bbox 620 2379 905 2496; x_wconf 73' lang='lat' dir='ltr'><strong>esum</strong></span> <span class='ocrx_word' id='word_1_268' title='bbox 940 2335 1398 2499; x_wconf 71' lang='lat' dir='ltr'><strong>nosnos!</strong></span> 
     </span>
    </p>
   </div>
   <div class='ocr_carea' id='block_1_9' title="bbox 872 2575 1021 2643">
    <p class='ocr_par' dir='ltr' id='par_1_9' title="bbox 872 2575 1021 2643">
     <span class='ocr_line' id='line_1_23' title="bbox 872 2575 1021 2643; baseline -0.007 -2"><span class='ocrx_word' id='word_1_269' title='bbox 872 2575 1021 2643; x_wconf 79' lang='lat' dir='ltr'><strong>utctrtr</strong></span> 
     </span>
    </p>
   </div>
   <div class='ocr_carea' id='block_1_10' title="bbox 308 2661 1578 2960">
    <p class='ocr_par' dir='ltr' id='par_1_10' title="bbox 308 2661 1578 2960">
     <span class='ocr_line' id='line_1_24' title="bbox 308 2661 1578 2960; baseline 0.009 -82"><span class='ocrx_word' id='word_1_270' title='bbox 308 2661 1578 2960; x_wconf 31' lang='lat' dir='ltr'><strong>spissorum-priuatarum.</strong></span> 
     </span>
    </p>
   </div>
   <div class='ocr_carea' id='block_1_11' title="bbox 114 3034 1779 5554">
    <p class='ocr_par' dir='ltr' id='par_1_11' title="bbox 114 3034 1779 5554">
     <span class='ocr_line' id='line_1_25' title="bbox 152 3034 1777 3113; baseline 0.002 -17"><span class='ocrx_word' id='word_1_271' title='bbox 152 3036 231 3113; x_wconf 79' lang='lat' dir='ltr'><strong>[Coo.</strong></span> <span class='ocrx_word' id='word_1_272' title='bbox 245 3034 281 3110; x_wconf 81' lang='grc'><strong>1.]</strong></span> <span class='ocrx_word' id='word_1_273' title='bbox 303 3034 655 3108; x_wconf 84' lang='lat' dir='ltr'><strong>iirritiiariam,mnitisquc</strong></span> <span class='ocrx_word' id='word_1_274' title='bbox 669 3036 759 3094; x_wconf 88' lang='lat' dir='ltr'><strong>modis</strong></span> <span class='ocrx_word' id='word_1_275' title='bbox 771 3035 839 3093; x_wconf 90' lang='lat' dir='ltr'><strong>oiim</strong></span> <span class='ocrx_word' id='word_1_276' title='bbox 851 3036 923 3094; x_wconf 81' lang='lat' dir='ltr'><strong>Dens</strong></span> <span class='ocrx_word' id='word_1_277' title='bbox 976 3052 1024 3096; x_wconf 88' lang='lat' dir='ltr'><strong>cos</strong></span> <span class='ocrx_word' id='word_1_278' title='bbox 1044 3048 1104 3096; x_wconf 88' lang='lat' dir='ltr'><strong>tuos</strong></span> <span class='ocrx_word' id='word_1_279' title='bbox 1126 3037 1274 3096; x_wconf 83' lang='lat' dir='ltr'><strong>scabeilum</strong></span> <span class='ocrx_word' id='word_1_280' title='bbox 1297 3038 1398 3110; x_wconf 90' lang='lat' dir='ltr'><strong>pedum</strong></span> <span class='ocrx_word' id='word_1_281' title='bbox 1419 3041 1546 3096; x_wconf 72' lang='lat' dir='ltr'><strong>tuorum?</strong></span> <span class='ocrx_word' id='word_1_282' title='bbox 1569 3040 1665 3100; x_wconf 87' lang='lat' dir='ltr'><strong>Nonne</strong></span> <span class='ocrx_word' id='word_1_283' title='bbox 1680 3055 1777 3100; x_wconf 88' lang='lat' dir='ltr'><strong>omnes</strong></span> 
     </span>
     <span class='ocr_line' id='line_1_26' title="bbox 114 3115 1776 3208; baseline 0 -16"><span class='ocrx_word' id='word_1_284' title='bbox 114 3134 235 3208; x_wconf 88' lang='lat' dir='ltr'><strong>loquens</strong></span> <span class='ocrx_word' id='word_1_285' title='bbox 249 3134 373 3208; x_wconf 89' lang='lat' dir='ltr'><strong>patribus</strong></span> <span class='ocrx_word' id='word_1_286' title='bbox 387 3134 414 3190; x_wconf 94' lang='lat' dir='ltr'><strong>in</strong></span> <span class='ocrx_word' id='word_1_287' title='bbox 429 3115 589 3204; x_wconf 75' lang='lat' dir='ltr'><strong>propinetis,</strong></span> <span class='ocrx_word' id='word_1_288' title='bbox 614 3130 764 3190; x_wconf 86' lang='lat' dir='ltr'><strong>norissima</strong></span> <span class='ocrx_word' id='word_1_289' title='bbox 787 3131 851 3206; x_wconf 81' lang='lat' dir='ltr'><strong>[iis.</strong></span> <span class='ocrx_word' id='word_1_290' title='bbox 872 3147 923 3189; x_wconf 80' lang='lat' dir='ltr'><strong>no·</strong></span> <span class='ocrx_word' id='word_1_291' title='bbox 976 3138 1041 3187; x_wconf 86' lang='lat' dir='ltr'><strong>sunt</strong></span> <span class='ocrx_word' id='word_1_292' title='bbox 1061 3130 1284 3188; x_wconf 86' lang='lat' dir='ltr'><strong>administratorii</strong></span> <span class='ocrx_word' id='word_1_293' title='bbox 1312 3131 1423 3202; x_wconf 87' lang='lat' dir='ltr'><strong>spiritus</strong></span> <span class='ocrx_word' id='word_1_294' title='bbox 1447 3133 1475 3190; x_wconf 92' lang='lat' dir='ltr'><strong>in</strong></span> <span class='ocrx_word' id='word_1_295' title='bbox 1491 3133 1675 3192; x_wconf 89' lang='lat' dir='ltr'><strong>ministerium</strong></span> <span class='ocrx_word' id='word_1_296' title='bbox 1698 3135 1776 3192; x_wconf 88' lang='lat' dir='ltr'><strong>missi</strong></span> 
     </span>
     <span class='ocr_line' id='line_1_27' title="bbox 114 3225 1674 3302; baseline -0.001 -18"><span class='ocrx_word' id='word_1_297' title='bbox 114 3227 267 3302; x_wconf 76' lang='lat' dir='ltr'><strong>nissimis]‚</strong></span> <span class='ocrx_word' id='word_1_298' title='bbox 293 3227 389 3285; x_wconf 88' lang='lat' dir='ltr'><strong>diebus</strong></span> <span class='ocrx_word' id='word_1_299' title='bbox 411 3227 473 3284; x_wconf 88' lang='lat' dir='ltr'><strong>istis</strong></span> <span class='ocrx_word' id='word_1_300' title='bbox 490 3227 597 3284; x_wconf 88' lang='lat' dir='ltr'><strong>iocatus</strong></span> <span class='ocrx_word' id='word_1_301' title='bbox 618 3237 660 3284; x_wconf 91' lang='lat' dir='ltr'><strong>est</strong></span> <span class='ocrx_word' id='word_1_302' title='bbox 683 3226 763 3284; x_wconf 86' lang='lat' dir='ltr'><strong>nobis</strong></span> <span class='ocrx_word' id='word_1_303' title='bbox 788 3227 817 3284; x_wconf 92' lang='lat' dir='ltr'><strong>in</strong></span> <span class='ocrx_word' id='word_1_304' title='bbox 840 3225 919 3295; x_wconf 82' lang='lat' dir='ltr'><strong>Filio,</strong></span> <span class='ocrx_word' id='word_1_305' title='bbox 976 3233 1159 3296; x_wconf 67' lang='lat' dir='ltr'><strong>propterera</strong></span> <span class='ocrx_word' id='word_1_306' title='bbox 1174 3226 1221 3296; x_wconf 92' lang='lat' dir='ltr'><strong>qui</strong></span> <span class='ocrx_word' id='word_1_307' title='bbox 1235 3225 1422 3282; x_wconf 74' lang='lat' dir='ltr'><strong>hereditatem</strong></span> <span class='ocrx_word' id='word_1_308' title='bbox 1438 3225 1547 3298; x_wconf 87' lang='lat' dir='ltr'><strong>capient</strong></span> <span class='ocrx_word' id='word_1_309' title='bbox 1559 3226 1674 3286; x_wconf 77' lang='lat' dir='ltr'><strong>saturier</strong></span> 
     </span>
     <span class='ocr_line' id='line_1_28' title="bbox 115 3316 1776 3392; baseline -0.001 -14"><span class='ocrx_word' id='word_1_310' title='bbox 115 3337 201 3392; x_wconf 91' lang='lat' dir='ltr'><strong>quem</strong></span> <span class='ocrx_word' id='word_1_311' title='bbox 222 3322 364 3379; x_wconf 83' lang='lat' dir='ltr'><strong>coustituit</strong></span> <span class='ocrx_word' id='word_1_312' title='bbox 386 3319 523 3377; x_wconf 79' lang='lat' dir='ltr'><strong>iruredem</strong></span> <span class='ocrx_word' id='word_1_313' title='bbox 541 3319 750 3385; x_wconf 85' lang='lat' dir='ltr'><strong>universorum,</strong></span> <span class='ocrx_word' id='word_1_314' title='bbox 776 3334 921 3391; x_wconf 86' lang='lat' dir='ltr'><strong>perquem</strong></span> <span class='ocrx_word' id='word_1_315' title='bbox 1012 3316 1089 3392; x_wconf 75' lang='lat' dir='ltr'><strong>[cop.</strong></span> <span class='ocrx_word' id='word_1_316' title='bbox 1106 3316 1152 3392; x_wconf 79' lang='lat' dir='ltr'><strong>ii]</strong></span> <span class='ocrx_word' id='word_1_317' title='bbox 1178 3317 1325 3389; x_wconf 81' lang='lat' dir='ltr'><strong>Propterea</strong></span> <span class='ocrx_word' id='word_1_318' title='bbox 1345 3317 1529 3375; x_wconf 85' lang='lat' dir='ltr'><strong>abundantius</strong></span> <span class='ocrx_word' id='word_1_319' title='bbox 1550 3327 1661 3390; x_wconf 90' lang='lat' dir='ltr'><strong>oportet</strong></span> <span class='ocrx_word' id='word_1_320' title='bbox 1680 3319 1776 3377; x_wconf 88' lang='lat' dir='ltr'><strong>obser·</strong></span> 
     </span>
     <span class='ocr_line' id='line_1_29' title="bbox 117 3411 1773 3486; baseline 0.001 -16"><span class='ocrx_word' id='word_1_321' title='bbox 117 3413 228 3472; x_wconf 80' lang='lat' dir='ltr'><strong>recitet</strong></span> <span class='ocrx_word' id='word_1_322' title='bbox 242 3413 354 3472; x_wconf 76' lang='lat' dir='ltr'><strong>meula.</strong></span> <span class='ocrx_word' id='word_1_323' title='bbox 384 3411 436 3484; x_wconf 80' lang='lat' dir='ltr'><strong>Qui</strong></span> <span class='ocrx_word' id='word_1_324' title='bbox 459 3427 524 3470; x_wconf 92' lang='lat' dir='ltr'><strong>cum</strong></span> <span class='ocrx_word' id='word_1_325' title='bbox 546 3413 582 3468; x_wconf 90' lang='lat' dir='ltr'><strong>sit</strong></span> <span class='ocrx_word' id='word_1_326' title='bbox 604 3412 735 3484; x_wconf 83' lang='lat' dir='ltr'><strong>splendor</strong></span> <span class='ocrx_word' id='word_1_327' title='bbox 757 3413 866 3484; x_wconf 79' lang='lat' dir='ltr'><strong>qioriae,</strong></span> <span class='ocrx_word' id='word_1_328' title='bbox 892 3420 920 3468; x_wconf 89' lang='lat' dir='ltr'><strong>et</strong></span> <span class='ocrx_word' id='word_1_329' title='bbox 974 3427 1039 3469; x_wconf 84' lang='lat' dir='ltr'><strong>rare</strong></span> <span class='ocrx_word' id='word_1_330' title='bbox 1054 3428 1104 3468; x_wconf 87' lang='lat' dir='ltr'><strong>nos</strong></span> <span class='ocrx_word' id='word_1_331' title='bbox 1119 3427 1150 3470; x_wconf 87' lang='lat' dir='ltr'><strong>ea</strong></span> <span class='ocrx_word' id='word_1_332' title='bbox 1166 3427 1228 3484; x_wconf 86' lang='lat' dir='ltr'><strong>quae</strong></span> <span class='ocrx_word' id='word_1_333' title='bbox 1242 3413 1411 3482; x_wconf 84' lang='lat' dir='ltr'><strong>audirimus,</strong></span> <span class='ocrx_word' id='word_1_334' title='bbox 1437 3429 1472 3470; x_wconf 91' lang='lat' dir='ltr'><strong>ne</strong></span> <span class='ocrx_word' id='word_1_335' title='bbox 1485 3413 1557 3471; x_wconf 80' lang='lat' dir='ltr'><strong>rorte</strong></span> <span class='ocrx_word' id='word_1_336' title='bbox 1569 3411 1773 3486; x_wconf 80' lang='lat' dir='ltr'><strong>pereffluamus.</strong></span> 
     </span>
     <span class='ocr_line' id='line_1_30' title="bbox 117 3505 1775 3578; baseline 0.001 -15"><span class='ocrx_word' id='word_1_337' title='bbox 117 3506 208 3578; x_wconf 68' lang='lat' dir='ltr'><strong>daura</strong></span> <span class='ocrx_word' id='word_1_338' title='bbox 221 3507 380 3564; x_wconf 72' lang='lat' dir='ltr'><strong>substantie</strong></span> <span class='ocrx_word' id='word_1_339' title='bbox 395 3505 466 3578; x_wconf 82' lang='lat' dir='ltr'><strong>ejus,</strong></span> <span class='ocrx_word' id='word_1_340' title='bbox 483 3513 649 3578; x_wconf 76' lang='lat' dir='ltr'><strong>portansque</strong></span> <span class='ocrx_word' id='word_1_341' title='bbox 663 3506 753 3563; x_wconf 90' lang='lat' dir='ltr'><strong>omnia</strong></span> <span class='ocrx_word' id='word_1_342' title='bbox 769 3505 854 3564; x_wconf 78' lang='lat' dir='ltr'><strong>norbo</strong></span> <span class='ocrx_word' id='word_1_343' title='bbox 864 3505 921 3561; x_wconf 87' lang='lat' dir='ltr'><strong>rir-</strong></span> <span class='ocrx_word' id='word_1_344' title='bbox 974 3505 1004 3563; x_wconf 89' lang='lat' dir='ltr'><strong>Si</strong></span> <span class='ocrx_word' id='word_1_345' title='bbox 1018 3507 1091 3562; x_wconf 89' lang='lat' dir='ltr'><strong>eninr</strong></span> <span class='ocrx_word' id='word_1_346' title='bbox 1107 3506 1152 3574; x_wconf 89' lang='lat' dir='ltr'><strong>qui</strong></span> <span class='ocrx_word' id='word_1_347' title='bbox 1169 3520 1217 3576; x_wconf 90' lang='lat' dir='ltr'><strong>per</strong></span> <span class='ocrx_word' id='word_1_348' title='bbox 1233 3505 1342 3576; x_wconf 78' lang='lat' dir='ltr'><strong>auqeios</strong></span> <span class='ocrx_word' id='word_1_349' title='bbox 1357 3506 1446 3562; x_wconf 90' lang='lat' dir='ltr'><strong>dietus</strong></span> <span class='ocrx_word' id='word_1_350' title='bbox 1459 3515 1502 3564; x_wconf 90' lang='lat' dir='ltr'><strong>est</strong></span> <span class='ocrx_word' id='word_1_351' title='bbox 1514 3521 1615 3578; x_wconf 84' lang='lat' dir='ltr'><strong>sermo,</strong></span> <span class='ocrx_word' id='word_1_352' title='bbox 1630 3505 1718 3564; x_wconf 89' lang='lat' dir='ltr'><strong>iactus</strong></span> <span class='ocrx_word' id='word_1_353' title='bbox 1731 3517 1775 3564; x_wconf 88' lang='lat' dir='ltr'><strong>est</strong></span> 
     </span>
     <span class='ocr_line' id='line_1_31' title="bbox 117 3568 1775 3672; baseline -0.001 -14"><span class='ocrx_word' id='word_1_354' title='bbox 117 3599 188 3658; x_wconf 86' lang='lat' dir='ltr'><strong>tatis</strong></span> <span class='ocrx_word' id='word_1_355' title='bbox 201 3615 277 3668; x_wconf 78' lang='lat' dir='ltr'><strong>suu,</strong></span> <span class='ocrx_word' id='word_1_356' title='bbox 293 3600 480 3672; x_wconf 71' lang='lat' dir='ltr'><strong>purgationem</strong></span> <span class='ocrx_word' id='word_1_357' title='bbox 498 3608 671 3669; x_wconf 84' lang='lat' dir='ltr'><strong>pcccatorum</strong></span> <span class='ocrx_word' id='word_1_358' title='bbox 686 3600 806 3667; x_wconf 86' lang='lat' dir='ltr'><strong>iaciens,</strong></span> <span class='ocrx_word' id='word_1_359' title='bbox 823 3599 922 3658; x_wconf 66' lang='lat' dir='ltr'><strong>*sedit</strong></span> <span class='ocrx_word' id='word_1_360' title='bbox 934 3568 959 3635; x_wconf 67' lang='lat' dir='ltr'>c</span> <span class='ocrx_word' id='word_1_361' title='bbox 973 3598 1082 3667; x_wconf 80' lang='lat' dir='ltr'><strong>tiresus,</strong></span> <span class='ocrx_word' id='word_1_362' title='bbox 1107 3607 1135 3656; x_wconf 91' lang='lat' dir='ltr'><strong>et</strong></span> <span class='ocrx_word' id='word_1_363' title='bbox 1152 3598 1241 3655; x_wconf 87' lang='lat' dir='ltr'><strong>omnis</strong></span> <span class='ocrx_word' id='word_1_364' title='bbox 1261 3601 1449 3670; x_wconf 75' lang='lat' dir='ltr'><strong>praevaricatio</strong></span> <span class='ocrx_word' id='word_1_365' title='bbox 1468 3609 1496 3658; x_wconf 88' lang='lat' dir='ltr'><strong>et</strong></span> <span class='ocrx_word' id='word_1_366' title='bbox 1517 3599 1701 3659; x_wconf 85' lang='lat' dir='ltr'><strong>inobedientia</strong></span> <span class='ocrx_word' id='word_1_367' title='bbox 1726 3616 1775 3657; x_wconf 86' lang='lat' dir='ltr'><strong>ac-</strong></span> 
     </span>
     <span class='ocr_line' id='line_1_32' title="bbox 116 3691 1770 3766; baseline -0.001 -14"><span class='ocrx_word' id='word_1_368' title='bbox 116 3693 153 3752; x_wconf 91' lang='lat' dir='ltr'><strong>ad</strong></span> <span class='ocrx_word' id='word_1_369' title='bbox 164 3692 306 3750; x_wconf 87' lang='lat' dir='ltr'><strong>dexteram</strong></span> <span class='ocrx_word' id='word_1_370' title='bbox 319 3692 470 3765; x_wconf 79' lang='lat' dir='ltr'><strong>maiestatis</strong></span> <span class='ocrx_word' id='word_1_371' title='bbox 483 3691 511 3748; x_wconf 92' lang='lat' dir='ltr'><strong>iu</strong></span> <span class='ocrx_word' id='word_1_372' title='bbox 526 3693 660 3749; x_wconf 81' lang='lat' dir='ltr'><strong>excelsis:</strong></span> <span class='ocrx_word' id='word_1_373' title='bbox 676 3701 751 3748; x_wconf 90' lang='lat' dir='ltr'><strong>tanto</strong></span> <span class='ocrx_word' id='word_1_374' title='bbox 767 3691 922 3750; x_wconf 88' lang='lat' dir='ltr'><strong>rneiieran·</strong></span> <span class='ocrx_word' id='word_1_375' title='bbox 971 3693 1155 3766; x_wconf 82' lang='lat' dir='ltr'><strong>cepitjustaru</strong></span> <span class='ocrx_word' id='word_1_376' title='bbox 1172 3692 1307 3750; x_wconf 90' lang='lat' dir='ltr'><strong>mercedis</strong></span> <span class='ocrx_word' id='word_1_377' title='bbox 1318 3693 1540 3751; x_wconf 88' lang='lat' dir='ltr'><strong>retributionem:</strong></span> <span class='ocrx_word' id='word_1_378' title='bbox 1565 3693 1703 3765; x_wconf 87' lang='lat' dir='ltr'><strong>quomodo</strong></span> <span class='ocrx_word' id='word_1_379' title='bbox 1720 3709 1770 3750; x_wconf 89' lang='lat' dir='ltr'><strong>nos</strong></span> 
     </span>
     <span class='ocr_line' id='line_1_33' title="bbox 116 3784 1774 3861; baseline -0.002 -15"><span class='ocrx_word' id='word_1_380' title='bbox 116 3789 190 3861; x_wconf 72' lang='lat' dir='ltr'><strong>pelis</strong></span> <span class='ocrx_word' id='word_1_381' title='bbox 203 3786 334 3857; x_wconf 71' lang='lat' dir='ltr'><strong>effeetus,</strong></span> <span class='ocrx_word' id='word_1_382' title='bbox 357 3797 461 3860; x_wconf 88' lang='lat' dir='ltr'><strong>quanto</strong></span> <span class='ocrx_word' id='word_1_383' title='bbox 482 3784 653 3842; x_wconf 74' lang='lat' dir='ltr'><strong>differentius</strong></span> <span class='ocrx_word' id='word_1_384' title='bbox 668 3801 724 3856; x_wconf 82' lang='lat' dir='ltr'><strong>prm</strong></span> <span class='ocrx_word' id='word_1_385' title='bbox 749 3785 803 3842; x_wconf 81' lang='lat' dir='ltr'><strong>iilis</strong></span> <span class='ocrx_word' id='word_1_386' title='bbox 821 3799 921 3842; x_wconf 90' lang='lat' dir='ltr'><strong>uomen</strong></span> <span class='ocrx_word' id='word_1_387' title='bbox 971 3784 1144 3858; x_wconf 70' lang='lat' dir='ltr'><strong>effugiemus,</strong></span> <span class='ocrx_word' id='word_1_388' title='bbox 1167 3786 1190 3842; x_wconf 92' lang='lat' dir='ltr'><strong>si</strong></span> <span class='ocrx_word' id='word_1_389' title='bbox 1211 3793 1312 3842; x_wconf 81' lang='lat' dir='ltr'><strong>unum</strong></span> <span class='ocrx_word' id='word_1_390' title='bbox 1333 3787 1536 3858; x_wconf 74' lang='lat' dir='ltr'><strong>neglexerimus</strong></span> <span class='ocrx_word' id='word_1_391' title='bbox 1557 3787 1694 3843; x_wconf 82' lang='lat' dir='ltr'><strong>salutem?</strong></span> <span class='ocrx_word' id='word_1_392' title='bbox 1713 3803 1774 3858; x_wconf 75' lang='lat' dir='ltr'><strong>qum</strong></span> 
     </span>
     <span class='ocr_line' id='line_1_34' title="bbox 116 3877 1775 3952; baseline 0 -16"><span class='ocrx_word' id='word_1_393' title='bbox 116 3879 304 3936; x_wconf 67' lang='lat' dir='ltr'><strong>hereditavit.</strong></span> <span class='ocrx_word' id='word_1_394' title='bbox 336 3877 386 3935; x_wconf 86' lang='lat' dir='ltr'><strong>Cui</strong></span> <span class='ocrx_word' id='word_1_395' title='bbox 406 3879 480 3935; x_wconf 92' lang='lat' dir='ltr'><strong>enirn</strong></span> <span class='ocrx_word' id='word_1_396' title='bbox 499 3877 570 3934; x_wconf 81' lang='lat' dir='ltr'><strong>dixit</strong></span> <span class='ocrx_word' id='word_1_397' title='bbox 583 3879 731 3950; x_wconf 89' lang='lat' dir='ltr'><strong>aliquando</strong></span> <span class='ocrx_word' id='word_1_398' title='bbox 744 3877 920 3950; x_wconf 70' lang='lat' dir='ltr'><strong>angelorum:</strong></span> <span class='ocrx_word' id='word_1_399' title='bbox 971 3895 1034 3936; x_wconf 90' lang='lat' dir='ltr'><strong>cum</strong></span> <span class='ocrx_word' id='word_1_400' title='bbox 1053 3881 1161 3936; x_wconf 87' lang='lat' dir='ltr'><strong>initium</strong></span> <span class='ocrx_word' id='word_1_401' title='bbox 1181 3885 1333 3952; x_wconf 85' lang='lat' dir='ltr'><strong>accepisset</strong></span> <span class='ocrx_word' id='word_1_402' title='bbox 1354 3881 1476 3936; x_wconf 86' lang='lat' dir='ltr'><strong>enarrari</strong></span> <span class='ocrx_word' id='word_1_403' title='bbox 1500 3879 1553 3950; x_wconf 81' lang='lat' dir='ltr'><strong>per¹</strong></span> <span class='ocrx_word' id='word_1_404' title='bbox 1562 3880 1725 3948; x_wconf 87' lang='lat' dir='ltr'><strong>bominum,</strong></span> <span class='ocrx_word' id='word_1_405' title='bbox 1741 3881 1775 3936; x_wconf 87' lang='lat' dir='ltr'><strong>ab</strong></span> 
     </span>
     <span class='ocr_line' id='line_1_35' title="bbox 116 3969 1774 4046; baseline 0 -17"><span class='ocrx_word' id='word_1_406' title='bbox 116 3973 209 4030; x_wconf 81' lang='lat' dir='ltr'><strong>Filius</strong></span> <span class='ocrx_word' id='word_1_407' title='bbox 221 3988 300 4029; x_wconf 88' lang='lat' dir='ltr'><strong>meus</strong></span> <span class='ocrx_word' id='word_1_408' title='bbox 313 3986 343 4028; x_wconf 88' lang='lat' dir='ltr'><strong>es</strong></span> <span class='ocrx_word' id='word_1_409' title='bbox 355 3981 401 4040; x_wconf 87' lang='grc' dir='ltr'>ιιι,</span> <span class='ocrx_word' id='word_1_410' title='bbox 415 3985 467 4043; x_wconf 76' lang='lat' dir='ltr'><strong>eqo</strong></span> <span class='ocrx_word' id='word_1_411' title='bbox 481 3969 562 4026; x_wconf 87' lang='lat' dir='ltr'><strong>bodie</strong></span> <span class='ocrx_word' id='word_1_412' title='bbox 572 3971 654 4042; x_wconf 75' lang='lat' dir='ltr'><strong>genui</strong></span> <span class='ocrx_word' id='word_1_413' title='bbox 670 3971 715 4026; x_wconf 83' lang='lat' dir='ltr'><strong>tei</strong></span> <span class='ocrx_word' id='word_1_414' title='bbox 744 3971 777 4027; x_wconf 84' lang='lat' dir='ltr'><strong>Et</strong></span> <span class='ocrx_word' id='word_1_415' title='bbox 791 3986 920 4026; x_wconf 90' lang='lat' dir='ltr'><strong>rursum:</strong></span> <span class='ocrx_word' id='word_1_416' title='bbox 971 3975 1024 4038; x_wconf 83' lang='lat' dir='ltr'><strong>eis.</strong></span> <span class='ocrx_word' id='word_1_417' title='bbox 1035 3973 1081 4046; x_wconf 94' lang='lat' dir='ltr'><strong>qui</strong></span> <span class='ocrx_word' id='word_1_418' title='bbox 1093 3973 1247 4040; x_wconf 88' lang='lat' dir='ltr'><strong>audierunt,</strong></span> <span class='ocrx_word' id='word_1_419' title='bbox 1260 3973 1286 4029; x_wconf 95' lang='lat' dir='ltr'><strong>in</strong></span> <span class='ocrx_word' id='word_1_420' title='bbox 1299 3987 1349 4028; x_wconf 90' lang='lat' dir='ltr'><strong>nos</strong></span> <span class='ocrx_word' id='word_1_421' title='bbox 1360 3971 1426 4046; x_wconf 82' lang='lat' dir='ltr'><strong>[iis.</strong></span> <span class='ocrx_word' id='word_1_422' title='bbox 1439 3969 1529 4044; x_wconf 87' lang='lat' dir='ltr'><strong>uobis]</strong></span> <span class='ocrx_word' id='word_1_423' title='bbox 1547 3973 1708 4033; x_wconf 86' lang='lat' dir='ltr'><strong>eeuiirmnta</strong></span> <span class='ocrx_word' id='word_1_424' title='bbox 1720 3981 1774 4037; x_wconf 84' lang='lat' dir='ltr'><strong>est,</strong></span> 
     </span>
     <span class='ocr_line' id='line_1_36' title="bbox 117 4061 1776 4140; baseline -0.003 -16"><span class='ocrx_word' id='word_1_425' title='bbox 117 4067 180 4140; x_wconf 69' lang='lat' dir='ltr'><strong>ugo</strong></span> <span class='ocrx_word' id='word_1_426' title='bbox 194 4081 244 4124; x_wconf 90' lang='lat' dir='ltr'><strong>ero</strong></span> <span class='ocrx_word' id='word_1_427' title='bbox 258 4065 300 4123; x_wconf 89' lang='lat' dir='ltr'><strong>iiii</strong></span> <span class='ocrx_word' id='word_1_428' title='bbox 313 4064 477 4137; x_wconf 80' lang='lat' dir='ltr'><strong>inpetrem,</strong></span> <span class='ocrx_word' id='word_1_429' title='bbox 500 4065 599 4136; x_wconf 88' lang='lat' dir='ltr'><strong>etipse</strong></span> <span class='ocrx_word' id='word_1_430' title='bbox 615 4064 668 4120; x_wconf 89' lang='lat' dir='ltr'><strong>erit</strong></span> <span class='ocrx_word' id='word_1_431' title='bbox 683 4062 750 4118; x_wconf 77' lang='lat' dir='ltr'><strong>mitri</strong></span> <span class='ocrx_word' id='word_1_432' title='bbox 770 4064 797 4120; x_wconf 92' lang='lat' dir='ltr'><strong>in</strong></span> <span class='ocrx_word' id='word_1_433' title='bbox 813 4061 922 4120; x_wconf 86' lang='lat' dir='ltr'><strong>iiiiumi</strong></span> <span class='ocrx_word' id='word_1_434' title='bbox 974 4074 1149 4123; x_wconf 88' lang='lat' dir='ltr'><strong>contestante</strong></span> <span class='ocrx_word' id='word_1_435' title='bbox 1170 4065 1226 4122; x_wconf 84' lang='lat' dir='ltr'><strong>Deo</strong></span> <span class='ocrx_word' id='word_1_436' title='bbox 1247 4065 1330 4137; x_wconf 79' lang='lat' dir='ltr'><strong>siquis</strong></span> <span class='ocrx_word' id='word_1_437' title='bbox 1350 4072 1379 4122; x_wconf 92' lang='lat' dir='ltr'><strong>et</strong></span> <span class='ocrx_word' id='word_1_438' title='bbox 1399 4065 1547 4136; x_wconf 86' lang='lat' dir='ltr'><strong>portentis,</strong></span> <span class='ocrx_word' id='word_1_439' title='bbox 1569 4073 1597 4120; x_wconf 91' lang='lat' dir='ltr'><strong>et</strong></span> <span class='ocrx_word' id='word_1_440' title='bbox 1615 4064 1698 4120; x_wconf 82' lang='lat' dir='ltr'><strong>variis</strong></span> <span class='ocrx_word' id='word_1_441' title='bbox 1719 4065 1776 4120; x_wconf 86' lang='lat' dir='ltr'><strong>rir-</strong></span> 
     </span>
     <span class='ocr_line' id='line_1_37' title="bbox 117 4154 1774 4231; baseline 0.003 -20"><span class='ocrx_word' id='word_1_442' title='bbox 117 4159 238 4218; x_wconf 76' lang='lat' dir='ltr'><strong>Etcum</strong></span> <span class='ocrx_word' id='word_1_443' title='bbox 259 4159 358 4215; x_wconf 87' lang='lat' dir='ltr'><strong>iterum</strong></span> <span class='ocrx_word' id='word_1_444' title='bbox 380 4155 529 4213; x_wconf 85' lang='lat' dir='ltr'><strong>introducit</strong></span> <span class='ocrx_word' id='word_1_445' title='bbox 547 4156 760 4228; x_wconf 68' lang='lat' dir='ltr'><strong>primogenitom</strong></span> <span class='ocrx_word' id='word_1_446' title='bbox 783 4154 922 4211; x_wconf 76' lang='lat' dir='ltr'><strong>incubent</strong></span> <span class='ocrx_word' id='word_1_447' title='bbox 974 4162 1094 4231; x_wconf 88' lang='lat' dir='ltr'><strong>tutibus,</strong></span> <span class='ocrx_word' id='word_1_448' title='bbox 1116 4168 1144 4218; x_wconf 88' lang='lat' dir='ltr'><strong>et</strong></span> <span class='ocrx_word' id='word_1_449' title='bbox 1173 4159 1290 4228; x_wconf 87' lang='lat' dir='ltr'><strong>Spiritus</strong></span> <span class='ocrx_word' id='word_1_450' title='bbox 1306 4161 1392 4216; x_wconf 86' lang='lat' dir='ltr'><strong>sancti</strong></span> <span class='ocrx_word' id='word_1_451' title='bbox 1420 4157 1660 4216; x_wconf 82' lang='lat' dir='ltr'><strong>distributionibus</strong></span> <span class='ocrx_word' id='word_1_452' title='bbox 1677 4171 1774 4216; x_wconf 81' lang='lat' dir='ltr'><strong>secun·</strong></span> 
     </span>
     <span class='ocr_line' id='line_1_38' title="bbox 118 4249 1777 4324; baseline 0 -14"><span class='ocrx_word' id='word_1_453' title='bbox 118 4263 204 4312; x_wconf 78' lang='lat' dir='ltr'><strong>terrae</strong></span> <span class='ocrx_word' id='word_1_454' title='bbox 215 4294 224 4321; x_wconf 89' lang='lat'><strong>,</strong></span> <span class='ocrx_word' id='word_1_455' title='bbox 237 4250 306 4309; x_wconf 89' lang='lat' dir='ltr'><strong>dicit</strong></span> <span class='ocrx_word' id='word_1_456' title='bbox 320 4269 328 4306; x_wconf 82' lang='lat' dir='ltr'><strong>r</strong></span> <span class='ocrx_word' id='word_1_457' title='bbox 343 4253 376 4308; x_wconf 81' lang='lat' dir='ltr'><strong>Et</strong></span> <span class='ocrx_word' id='word_1_458' title='bbox 390 4251 581 4308; x_wconf 87' lang='lat' dir='ltr'><strong>adorenteum</strong></span> <span class='ocrx_word' id='word_1_459' title='bbox 594 4264 691 4307; x_wconf 88' lang='lat' dir='ltr'><strong>omnes</strong></span> <span class='ocrx_word' id='word_1_460' title='bbox 702 4249 799 4322; x_wconf 75' lang='lat' dir='ltr'><strong>dnqeii</strong></span> <span class='ocrx_word' id='word_1_461' title='bbox 814 4250 873 4308; x_wconf 85' lang='lat' dir='ltr'><strong>bei.</strong></span> <span class='ocrx_word' id='word_1_462' title='bbox 889 4249 925 4306; x_wconf 83' lang='lat' dir='ltr'><strong>Et</strong></span> <span class='ocrx_word' id='word_1_463' title='bbox 974 4255 1039 4312; x_wconf 90' lang='lat' dir='ltr'><strong>dum</strong></span> <span class='ocrx_word' id='word_1_464' title='bbox 1060 4270 1137 4312; x_wconf 87' lang='lat' dir='ltr'><strong>suam</strong></span> <span class='ocrx_word' id='word_1_465' title='bbox 1154 4253 1333 4312; x_wconf 81' lang='lat' dir='ltr'><strong>voluntatem.</strong></span> <span class='ocrx_word' id='word_1_466' title='bbox 1360 4251 1420 4310; x_wconf 84' lang='lat' dir='ltr'><strong>Non</strong></span> <span class='ocrx_word' id='word_1_467' title='bbox 1441 4253 1514 4310; x_wconf 88' lang='lat' dir='ltr'><strong>enim</strong></span> <span class='ocrx_word' id='word_1_468' title='bbox 1534 4251 1638 4321; x_wconf 77' lang='lat' dir='ltr'><strong>snpeiis</strong></span> <span class='ocrx_word' id='word_1_469' title='bbox 1658 4249 1777 4324; x_wconf 80' lang='lat' dir='ltr'><strong>subiecit</strong></span> 
     </span>
     <span class='ocr_line' id='line_1_39' title="bbox 116 4343 1777 4420; baseline -0.002 -16"><span class='ocrx_word' id='word_1_470' title='bbox 116 4347 153 4405; x_wconf 85' lang='lat' dir='ltr'><strong>ad</strong></span> <span class='ocrx_word' id='word_1_471' title='bbox 166 4347 281 4420; x_wconf 79' lang='lat' dir='ltr'><strong>auqeios</strong></span> <span class='ocrx_word' id='word_1_472' title='bbox 295 4345 406 4420; x_wconf 90' lang='lat' dir='ltr'><strong>quidem</strong></span> <span class='ocrx_word' id='word_1_473' title='bbox 422 4345 505 4403; x_wconf 89' lang='lat' dir='ltr'><strong>dicit:</strong></span> <span class='ocrx_word' id='word_1_474' title='bbox 519 4343 573 4416; x_wconf 81' lang='lat' dir='ltr'><strong>unt</strong></span> <span class='ocrx_word' id='word_1_475' title='bbox 586 4344 652 4402; x_wconf 86' lang='lat' dir='ltr'><strong>iacit</strong></span> <span class='ocrx_word' id='word_1_476' title='bbox 663 4345 774 4417; x_wconf 82' lang='lat' dir='ltr'><strong>anqeios</strong></span> <span class='ocrx_word' id='word_1_477' title='bbox 786 4360 852 4402; x_wconf 85' lang='lat' dir='ltr'><strong>suos</strong></span> <span class='ocrx_word' id='word_1_478' title='bbox 865 4345 924 4417; x_wconf 85' lang='lat' dir='ltr'><strong>spi·</strong></span> <span class='ocrx_word' id='word_1_479' title='bbox 974 4346 1049 4404; x_wconf 78' lang='lat' dir='ltr'><strong>Deus</strong></span> <span class='ocrx_word' id='word_1_480' title='bbox 1059 4347 1153 4403; x_wconf 87' lang='lat' dir='ltr'><strong>orbern</strong></span> <span class='ocrx_word' id='word_1_481' title='bbox 1166 4357 1246 4405; x_wconf 80' lang='lat' dir='ltr'><strong>terrae</strong></span> <span class='ocrx_word' id='word_1_482' title='bbox 1259 4347 1380 4403; x_wconf 81' lang='lat' dir='ltr'><strong>futurum</strong></span> <span class='ocrx_word' id='word_1_483' title='bbox 1398 4347 1432 4403; x_wconf 94' lang='lat' dir='ltr'><strong>de</strong></span> <span class='ocrx_word' id='word_1_484' title='bbox 1443 4361 1497 4418; x_wconf 90' lang='lat' dir='ltr'><strong>quo</strong></span> <span class='ocrx_word' id='word_1_485' title='bbox 1507 4344 1655 4418; x_wconf 86' lang='lat' dir='ltr'><strong>loquimur.</strong></span> <span class='ocrx_word' id='word_1_486' title='bbox 1678 4343 1777 4402; x_wconf 79' lang='lat' dir='ltr'><strong>Testa·</strong></span> 
     </span>
     <span class='ocr_line' id='line_1_40' title="bbox 117 4431 1776 4519; baseline -0.001 -22"><span class='ocrx_word' id='word_1_487' title='bbox 117 4442 204 4506; x_wconf 88' lang='lat' dir='ltr'><strong>ritus,</strong></span> <span class='ocrx_word' id='word_1_488' title='bbox 228 4449 257 4497; x_wconf 88' lang='lat' dir='ltr'><strong>et</strong></span> <span class='ocrx_word' id='word_1_489' title='bbox 271 4439 412 4496; x_wconf 88' lang='lat' dir='ltr'><strong>ministros</strong></span> <span class='ocrx_word' id='word_1_490' title='bbox 425 4437 639 4496; x_wconf 82' lang='lat' dir='ltr'><strong>suosdamrnum</strong></span> <span class='ocrx_word' id='word_1_491' title='bbox 654 4438 736 4511; x_wconf 78' lang='lat' dir='ltr'><strong>iqnis.</strong></span> <span class='ocrx_word' id='word_1_492' title='bbox 761 4438 803 4496; x_wconf 87' lang='lat' dir='ltr'><strong>td</strong></span> <span class='ocrx_word' id='word_1_493' title='bbox 825 4438 924 4496; x_wconf 85' lang='lat' dir='ltr'><strong>Filium</strong></span> <span class='ocrx_word' id='word_1_494' title='bbox 977 4454 1021 4519; x_wconf 80' lang='lat' dir='ltr'><strong>tus</strong></span> <span class='ocrx_word' id='word_1_495' title='bbox 1040 4453 1081 4510; x_wconf 81' lang='lat' dir='ltr'><strong>est</strong></span> <span class='ocrx_word' id='word_1_496' title='bbox 1102 4431 1193 4500; x_wconf 81' lang='lat' dir='ltr'><strong>nutem</strong></span> <span class='ocrx_word' id='word_1_497' title='bbox 1214 4440 1241 4497; x_wconf 95' lang='lat' dir='ltr'><strong>in</strong></span> <span class='ocrx_word' id='word_1_498' title='bbox 1254 4441 1372 4511; x_wconf 90' lang='lat' dir='ltr'><strong>quodam</strong></span> <span class='ocrx_word' id='word_1_499' title='bbox 1387 4440 1448 4496; x_wconf 90' lang='lat' dir='ltr'><strong>ioco</strong></span> <span class='ocrx_word' id='word_1_500' title='bbox 1461 4451 1473 4480; x_wconf 61' lang='grc' dir='ltr'>ι</span> <span class='ocrx_word' id='word_1_501' title='bbox 1488 4439 1561 4511; x_wconf 87' lang='lat' dir='ltr'><strong>quis,</strong></span> <span class='ocrx_word' id='word_1_502' title='bbox 1574 4439 1683 4495; x_wconf 87' lang='lat' dir='ltr'><strong>dicens:</strong></span> <span class='ocrx_word' id='word_1_503' title='bbox 1705 4437 1776 4505; x_wconf 79' lang='lat' dir='ltr'><strong>Quid</strong></span> 
     </span>
     <span class='ocr_line' id='line_1_41' title="bbox 117 4528 1772 4606; baseline -0.002 -18"><span class='ocrx_word' id='word_1_504' title='bbox 117 4543 232 4590; x_wconf 68' lang='lat' dir='ltr'><strong>autenm</strong></span> <span class='ocrx_word' id='word_1_505' title='bbox 248 4531 377 4589; x_wconf 82' lang='lat' dir='ltr'><strong>Thronus</strong></span> <span class='ocrx_word' id='word_1_506' title='bbox 398 4541 478 4599; x_wconf 90' lang='lat' dir='ltr'><strong>tuns,</strong></span> <span class='ocrx_word' id='word_1_507' title='bbox 503 4532 591 4599; x_wconf 87' lang='lat' dir='ltr'><strong>Deus,</strong></span> <span class='ocrx_word' id='word_1_508' title='bbox 617 4531 646 4588; x_wconf 94' lang='lat' dir='ltr'><strong>in</strong></span> <span class='ocrx_word' id='word_1_509' title='bbox 664 4534 793 4591; x_wconf 78' lang='lat' dir='ltr'><strong>ruentum</strong></span> <span class='ocrx_word' id='word_1_510' title='bbox 812 4534 922 4604; x_wconf 80' lang='lat' dir='ltr'><strong>soeculi,</strong></span> <span class='ocrx_word' id='word_1_511' title='bbox 975 4543 1018 4592; x_wconf 88' lang='lat' dir='ltr'><strong>est</strong></span> <span class='ocrx_word' id='word_1_512' title='bbox 1038 4533 1129 4598; x_wconf 82' lang='lat' dir='ltr'><strong>tronto.</strong></span> <span class='ocrx_word' id='word_1_513' title='bbox 1153 4533 1224 4606; x_wconf 92' lang='lat' dir='ltr'><strong>quod</strong></span> <span class='ocrx_word' id='word_1_514' title='bbox 1244 4547 1389 4588; x_wconf 90' lang='lat' dir='ltr'><strong>memores</strong></span> <span class='ocrx_word' id='word_1_515' title='bbox 1400 4531 1471 4599; x_wconf 82' lang='lat' dir='ltr'><strong>eius,</strong></span> <span class='ocrx_word' id='word_1_516' title='bbox 1493 4543 1540 4586; x_wconf 87' lang='lat' dir='ltr'><strong>sut</strong></span> <span class='ocrx_word' id='word_1_517' title='bbox 1552 4529 1625 4585; x_wconf 88' lang='lat' dir='ltr'><strong>fliius</strong></span> <span class='ocrx_word' id='word_1_518' title='bbox 1641 4528 1772 4596; x_wconf 83' lang='lat' dir='ltr'><strong>bominis,</strong></span> 
     </span>
     <span class='ocr_line' id='line_1_42' title="bbox 116 4621 1773 4699; baseline -0.004 -18"><span class='ocrx_word' id='word_1_519' title='bbox 116 4626 196 4696; x_wconf 79' lang='lat' dir='ltr'><strong>rirqa</strong></span> <span class='ocrx_word' id='word_1_520' title='bbox 210 4624 358 4696; x_wconf 76' lang='lat' dir='ltr'><strong>aequitatis,</strong></span> <span class='ocrx_word' id='word_1_521' title='bbox 382 4625 458 4696; x_wconf 73' lang='lat' dir='ltr'><strong>virga</strong></span> <span class='ocrx_word' id='word_1_522' title='bbox 471 4623 548 4696; x_wconf 79' lang='lat' dir='ltr'><strong>reqni</strong></span> <span class='ocrx_word' id='word_1_523' title='bbox 563 4625 612 4682; x_wconf 88' lang='lat' dir='ltr'><strong>tui.</strong></span> <span class='ocrx_word' id='word_1_524' title='bbox 639 4625 762 4682; x_wconf 83' lang='lat' dir='ltr'><strong>Dilexisti</strong></span> <span class='ocrx_word' id='word_1_525' title='bbox 778 4626 922 4696; x_wconf 80' lang='lat' dir='ltr'><strong>justitiam,</strong></span> <span class='ocrx_word' id='word_1_526' title='bbox 974 4627 1104 4699; x_wconf 87' lang='lat' dir='ltr'><strong>quoniam</strong></span> <span class='ocrx_word' id='word_1_527' title='bbox 1125 4627 1220 4682; x_wconf 82' lang='lat' dir='ltr'><strong>visitas</strong></span> <span class='ocrx_word' id='word_1_528' title='bbox 1234 4627 1317 4682; x_wconf 79' lang='lat' dir='ltr'><strong>eunti</strong></span> <span class='ocrx_word' id='word_1_529' title='bbox 1338 4623 1454 4682; x_wconf 88' lang='lat' dir='ltr'><strong>iiinuisti</strong></span> <span class='ocrx_word' id='word_1_530' title='bbox 1467 4637 1529 4679; x_wconf 88' lang='lat' dir='ltr'><strong>eum</strong></span> <span class='ocrx_word' id='word_1_531' title='bbox 1542 4621 1624 4692; x_wconf 88' lang='lat' dir='ltr'><strong>paulo</strong></span> <span class='ocrx_word' id='word_1_532' title='bbox 1635 4621 1725 4676; x_wconf 89' lang='lat' dir='ltr'><strong>minus</strong></span> <span class='ocrx_word' id='word_1_533' title='bbox 1736 4621 1773 4676; x_wconf 86' lang='lat' dir='ltr'><strong>ab</strong></span> 
     </span>
     <span class='ocr_line' id='line_1_43' title="bbox 117 4715 1775 4790; baseline -0.005 -15"><span class='ocrx_word' id='word_1_534' title='bbox 117 4728 149 4775; x_wconf 88' lang='lat' dir='ltr'><strong>et</strong></span> <span class='ocrx_word' id='word_1_535' title='bbox 162 4718 247 4774; x_wconf 88' lang='lat' dir='ltr'><strong>odisti</strong></span> <span class='ocrx_word' id='word_1_536' title='bbox 264 4716 453 4788; x_wconf 84' lang='lat' dir='ltr'><strong>iniquitatem:</strong></span> <span class='ocrx_word' id='word_1_537' title='bbox 465 4725 609 4790; x_wconf 84' lang='lat' dir='ltr'><strong>propterea</strong></span> <span class='ocrx_word' id='word_1_538' title='bbox 627 4719 703 4775; x_wconf 82' lang='lat' dir='ltr'><strong>unxit</strong></span> <span class='ocrx_word' id='word_1_539' title='bbox 715 4727 742 4774; x_wconf 88' lang='lat' dir='ltr'><strong>te</strong></span> <span class='ocrx_word' id='word_1_540' title='bbox 754 4718 835 4786; x_wconf 86' lang='lat' dir='ltr'><strong>bens,</strong></span> <span class='ocrx_word' id='word_1_541' title='bbox 850 4718 923 4775; x_wconf 81' lang='lat' dir='ltr'><strong>licus</strong></span> <span class='ocrx_word' id='word_1_542' title='bbox 974 4719 1092 4789; x_wconf 74' lang='lat' dir='ltr'><strong>angelis:</strong></span> <span class='ocrx_word' id='word_1_543' title='bbox 1114 4719 1198 4790; x_wconf 76' lang='lat' dir='ltr'><strong>gioria</strong></span> <span class='ocrx_word' id='word_1_544' title='bbox 1220 4725 1249 4774; x_wconf 87' lang='lat' dir='ltr'><strong>et</strong></span> <span class='ocrx_word' id='word_1_545' title='bbox 1269 4717 1373 4774; x_wconf 87' lang='lat' dir='ltr'><strong>ironore</strong></span> <span class='ocrx_word' id='word_1_546' title='bbox 1394 4715 1531 4772; x_wconf 86' lang='lat' dir='ltr'><strong>coronasti</strong></span> <span class='ocrx_word' id='word_1_547' title='bbox 1551 4728 1631 4770; x_wconf 84' lang='lat' dir='ltr'><strong>eum:</strong></span> <span class='ocrx_word' id='word_1_548' title='bbox 1662 4723 1689 4768; x_wconf 90' lang='lat' dir='ltr'><strong>et</strong></span> <span class='ocrx_word' id='word_1_549' title='bbox 1708 4725 1775 4766; x_wconf 91' lang='lat' dir='ltr'><strong>con·</strong></span> 
     </span>
     <span class='ocr_line' id='line_1_44' title="bbox 121 4801 1773 4884; baseline -0.005 -19"><span class='ocrx_word' id='word_1_550' title='bbox 121 4819 198 4881; x_wconf 89' lang='lat' dir='ltr'><strong>tuus,</strong></span> <span class='ocrx_word' id='word_1_551' title='bbox 222 4811 286 4868; x_wconf 86' lang='lat' dir='ltr'><strong>uico</strong></span> <span class='ocrx_word' id='word_1_552' title='bbox 302 4810 493 4868; x_wconf 86' lang='lat' dir='ltr'><strong>ersuirationis</strong></span> <span class='ocrx_word' id='word_1_553' title='bbox 509 4826 566 4882; x_wconf 76' lang='lat' dir='ltr'><strong>pre</strong></span> <span class='ocrx_word' id='word_1_554' title='bbox 583 4812 762 4884; x_wconf 84' lang='lat' dir='ltr'><strong>participibus</strong></span> <span class='ocrx_word' id='word_1_555' title='bbox 777 4813 840 4868; x_wconf 90' lang='lat' dir='ltr'><strong>tuis.</strong></span> <span class='ocrx_word' id='word_1_556' title='bbox 871 4811 921 4868; x_wconf 84' lang='lat' dir='ltr'><strong>iit:</strong></span> <span class='ocrx_word' id='word_1_557' title='bbox 974 4809 1087 4868; x_wconf 88' lang='lat' dir='ltr'><strong>stituisti</strong></span> <span class='ocrx_word' id='word_1_558' title='bbox 1108 4825 1170 4866; x_wconf 93' lang='lat' dir='ltr'><strong>eurn</strong></span> <span class='ocrx_word' id='word_1_559' title='bbox 1192 4823 1275 4878; x_wconf 88' lang='lat' dir='ltr'><strong>super</strong></span> <span class='ocrx_word' id='word_1_560' title='bbox 1295 4821 1377 4880; x_wconf 88' lang='lat' dir='ltr'><strong>opera</strong></span> <span class='ocrx_word' id='word_1_561' title='bbox 1393 4819 1521 4862; x_wconf 86' lang='lat' dir='ltr'><strong>nranuum</strong></span> <span class='ocrx_word' id='word_1_562' title='bbox 1537 4812 1655 4860; x_wconf 89' lang='lat' dir='ltr'><strong>tuarum.</strong></span> <span class='ocrx_word' id='word_1_563' title='bbox 1677 4801 1773 4859; x_wconf 86' lang='lat' dir='ltr'><strong>Omnia</strong></span> 
     </span>
     <span class='ocr_line' id='line_1_45' title="bbox 121 4894 1775 4974; baseline -0.005 -16"><span class='ocrx_word' id='word_1_564' title='bbox 121 4901 163 4958; x_wconf 84' lang='lat' dir='ltr'><strong>Tu</strong></span> <span class='ocrx_word' id='word_1_565' title='bbox 178 4902 206 4957; x_wconf 94' lang='lat' dir='ltr'><strong>in</strong></span> <span class='ocrx_word' id='word_1_566' title='bbox 222 4903 370 4974; x_wconf 85' lang='lat' dir='ltr'><strong>principio,</strong></span> <span class='ocrx_word' id='word_1_567' title='bbox 394 4904 520 4974; x_wconf 84' lang='lat' dir='ltr'><strong>bomine,</strong></span> <span class='ocrx_word' id='word_1_568' title='bbox 538 4914 639 4961; x_wconf 84' lang='lat' dir='ltr'><strong>terram</strong></span> <span class='ocrx_word' id='word_1_569' title='bbox 654 4905 788 4962; x_wconf 75' lang='lat' dir='ltr'><strong>fundasti:</strong></span> <span class='ocrx_word' id='word_1_570' title='bbox 814 4913 841 4960; x_wconf 91' lang='lat' dir='ltr'><strong>et</strong></span> <span class='ocrx_word' id='word_1_571' title='bbox 856 4920 924 4974; x_wconf 86' lang='lat' dir='ltr'><strong>ope-</strong></span> <span class='ocrx_word' id='word_1_572' title='bbox 974 4901 1115 4972; x_wconf 80' lang='lat' dir='ltr'><strong>subjecisti</strong></span> <span class='ocrx_word' id='word_1_573' title='bbox 1134 4903 1185 4958; x_wconf 92' lang='lat' dir='ltr'><strong>sub</strong></span> <span class='ocrx_word' id='word_1_574' title='bbox 1206 4899 1320 4971; x_wconf 86' lang='lat' dir='ltr'><strong>pedibus</strong></span> <span class='ocrx_word' id='word_1_575' title='bbox 1338 4898 1407 4969; x_wconf 81' lang='lat' dir='ltr'><strong>ejus.</strong></span> <span class='ocrx_word' id='word_1_576' title='bbox 1432 4894 1670 4965; x_wconf 88' lang='lat' dir='ltr'><strong>iueoenimquod</strong></span> <span class='ocrx_word' id='word_1_577' title='bbox 1684 4894 1775 4950; x_wconf 88' lang='lat' dir='ltr'><strong>unruia</strong></span> 
     </span>
     <span class='ocr_line' id='line_1_46' title="bbox 118 4984 1776 5069; baseline -0.007 -18"><span class='ocrx_word' id='word_1_578' title='bbox 118 5010 152 5051; x_wconf 88' lang='lat' dir='ltr'><strong>ra</strong></span> <span class='ocrx_word' id='word_1_579' title='bbox 164 5010 296 5053; x_wconf 87' lang='lat' dir='ltr'><strong>manuum</strong></span> <span class='ocrx_word' id='word_1_580' title='bbox 312 5006 421 5054; x_wconf 90' lang='lat' dir='ltr'><strong>tuarum</strong></span> <span class='ocrx_word' id='word_1_581' title='bbox 436 5005 499 5054; x_wconf 89' lang='lat' dir='ltr'><strong>sunt</strong></span> <span class='ocrx_word' id='word_1_582' title='bbox 511 4997 585 5054; x_wconf 82' lang='lat' dir='ltr'><strong>cmii.</strong></span> <span class='ocrx_word' id='word_1_583' title='bbox 612 4995 665 5069; x_wconf 89' lang='lat' dir='ltr'><strong>ipsi</strong></span> <span class='ocrx_word' id='word_1_584' title='bbox 680 4998 921 5068; x_wconf 66' lang='lat' dir='ltr'><strong>peribuneuuan·</strong></span> <span class='ocrx_word' id='word_1_585' title='bbox 975 4998 1000 5054; x_wconf 86' lang='lat' dir='ltr'><strong>ei</strong></span> <span class='ocrx_word' id='word_1_586' title='bbox 1014 4993 1143 5065; x_wconf 82' lang='lat' dir='ltr'><strong>subjecit,</strong></span> <span class='ocrx_word' id='word_1_587' title='bbox 1167 4991 1233 5048; x_wconf 84' lang='lat' dir='ltr'><strong>nihii</strong></span> <span class='ocrx_word' id='word_1_588' title='bbox 1253 4991 1357 5048; x_wconf 87' lang='lat' dir='ltr'><strong>dimisit</strong></span> <span class='ocrx_word' id='word_1_589' title='bbox 1377 5005 1432 5051; x_wconf 84' lang='lat' dir='ltr'><strong>nott</strong></span> <span class='ocrx_word' id='word_1_590' title='bbox 1452 4986 1603 5060; x_wconf 85' lang='lat' dir='ltr'><strong>subjectum</strong></span> <span class='ocrx_word' id='word_1_591' title='bbox 1623 4987 1659 5043; x_wconf 90' lang='lat' dir='ltr'><strong>ei.</strong></span> <span class='ocrx_word' id='word_1_592' title='bbox 1698 4984 1776 5040; x_wconf 83' lang='lat' dir='ltr'><strong>Nunc</strong></span> 
     </span>
     <span class='ocr_line' id='line_1_47' title="bbox 119 5076 1777 5162; baseline -0.008 -17"><span class='ocrx_word' id='word_1_593' title='bbox 119 5098 176 5146; x_wconf 84' lang='lat' dir='ltr'><strong>tem</strong></span> <span class='ocrx_word' id='word_1_594' title='bbox 198 5090 390 5162; x_wconf 87' lang='lat' dir='ltr'><strong>permanebis,</strong></span> <span class='ocrx_word' id='word_1_595' title='bbox 416 5100 445 5148; x_wconf 90' lang='lat' dir='ltr'><strong>et</strong></span> <span class='ocrx_word' id='word_1_596' title='bbox 458 5105 554 5148; x_wconf 90' lang='lat' dir='ltr'><strong>omues</strong></span> <span class='ocrx_word' id='word_1_597' title='bbox 569 5098 600 5148; x_wconf 94' lang='lat' dir='ltr'><strong>ut</strong></span> <span class='ocrx_word' id='word_1_598' title='bbox 611 5090 806 5148; x_wconf 81' lang='lat' dir='ltr'><strong>uestimentum</strong></span> <span class='ocrx_word' id='word_1_599' title='bbox 817 5100 922 5146; x_wconf 80' lang='lat' dir='ltr'><strong>sotera-</strong></span> <span class='ocrx_word' id='word_1_600' title='bbox 975 5098 1066 5144; x_wconf 89' lang='lat' dir='ltr'><strong>nutem</strong></span> <span class='ocrx_word' id='word_1_601' title='bbox 1078 5085 1194 5142; x_wconf 86' lang='lat' dir='ltr'><strong>necdum</strong></span> <span class='ocrx_word' id='word_1_602' title='bbox 1208 5082 1331 5142; x_wconf 87' lang='lat' dir='ltr'><strong>ridemus</strong></span> <span class='ocrx_word' id='word_1_603' title='bbox 1342 5083 1433 5138; x_wconf 87' lang='lat' dir='ltr'><strong>emnia</strong></span> <span class='ocrx_word' id='word_1_604' title='bbox 1445 5079 1567 5150; x_wconf 77' lang='lat' dir='ltr'><strong>subiecta</strong></span> <span class='ocrx_word' id='word_1_605' title='bbox 1579 5077 1614 5134; x_wconf 80' lang='lat' dir='ltr'><strong>ei.</strong></span> <span class='ocrx_word' id='word_1_606' title='bbox 1647 5076 1716 5133; x_wconf 82' lang='lat' dir='ltr'><strong>Eum</strong></span> <span class='ocrx_word' id='word_1_607' title='bbox 1728 5087 1777 5132; x_wconf 85' lang='lat' dir='ltr'><strong>au·</strong></span> 
     </span>
     <span class='ocr_line' id='line_1_48' title="bbox 119 5169 1779 5252; baseline -0.011 -12"><span class='ocrx_word' id='word_1_608' title='bbox 119 5190 217 5240; x_wconf 86' lang='lat' dir='ltr'><strong>scent:</strong></span> <span class='ocrx_word' id='word_1_609' title='bbox 241 5191 270 5240; x_wconf 88' lang='lat' dir='ltr'><strong>et</strong></span> <span class='ocrx_word' id='word_1_610' title='bbox 292 5184 367 5241; x_wconf 85' lang='lat' dir='ltr'><strong>reiut</strong></span> <span class='ocrx_word' id='word_1_611' title='bbox 387 5184 544 5242; x_wconf 75' lang='lat' dir='ltr'><strong>amictumb</strong></span> <span class='ocrx_word' id='word_1_612' title='bbox 568 5185 686 5242; x_wconf 87' lang='lat' dir='ltr'><strong>mutabis</strong></span> <span class='ocrx_word' id='word_1_613' title='bbox 708 5199 768 5250; x_wconf 84' lang='lat' dir='ltr'><strong>ees,</strong></span> <span class='ocrx_word' id='word_1_614' title='bbox 790 5193 819 5240; x_wconf 86' lang='lat' dir='ltr'><strong>er</strong></span> <span class='ocrx_word' id='word_1_615' title='bbox 837 5192 924 5240; x_wconf 90' lang='lat' dir='ltr'><strong>nruta·</strong></span> <span class='ocrx_word' id='word_1_616' title='bbox 976 5173 1411 5252; x_wconf 77' lang='lat' dir='ltr'><strong>tem,qui·medieoquamanqeii</strong></span> <span class='ocrx_word' id='word_1_617' title='bbox 1424 5174 1637 5234; x_wconf 85' lang='lat' dir='ltr'><strong>minoratusesr‚</strong></span> <span class='ocrx_word' id='word_1_618' title='bbox 1653 5169 1779 5225; x_wconf 85' lang='lat' dir='ltr'><strong>ridemus</strong></span> 
     </span>
     <span class='ocr_line' id='line_1_49' title="bbox 117 5259 1779 5349; baseline -0.007 -18"><span class='ocrx_word' id='word_1_619' title='bbox 117 5274 243 5333; x_wconf 85' lang='lat' dir='ltr'><strong>buntur:</strong></span> <span class='ocrx_word' id='word_1_620' title='bbox 267 5284 299 5332; x_wconf 93' lang='lat' dir='ltr'><strong>tu</strong></span> <span class='ocrx_word' id='word_1_621' title='bbox 313 5276 498 5348; x_wconf 81' lang='lat' dir='ltr'><strong>autemidem</strong></span> <span class='ocrx_word' id='word_1_622' title='bbox 513 5277 572 5349; x_wconf 88' lang='lat' dir='ltr'><strong>ipse</strong></span> <span class='ocrx_word' id='word_1_623' title='bbox 585 5291 633 5347; x_wconf 86' lang='lat' dir='ltr'><strong>es,</strong></span> <span class='ocrx_word' id='word_1_624' title='bbox 658 5285 688 5334; x_wconf 86' lang='lat' dir='ltr'><strong>ct</strong></span> <span class='ocrx_word' id='word_1_625' title='bbox 709 5278 772 5332; x_wconf 90' lang='lat' dir='ltr'><strong>anui</strong></span> <span class='ocrx_word' id='word_1_626' title='bbox 802 5276 839 5331; x_wconf 92' lang='lat' dir='ltr'><strong>tui</strong></span> <span class='ocrx_word' id='word_1_627' title='bbox 868 5291 923 5331; x_wconf 91' lang='lat' dir='ltr'><strong>non</strong></span> <span class='ocrx_word' id='word_1_628' title='bbox 977 5275 1091 5340; x_wconf 83' lang='lat' dir='ltr'><strong>iesum.</strong></span> <span class='ocrx_word' id='word_1_629' title='bbox 1115 5281 1226 5344; x_wconf 88' lang='lat' dir='ltr'><strong>propter</strong></span> <span class='ocrx_word' id='word_1_630' title='bbox 1236 5271 1390 5342; x_wconf 88' lang='lat' dir='ltr'><strong>passionem</strong></span> <span class='ocrx_word' id='word_1_631' title='bbox 1402 5267 1512 5335; x_wconf 82' lang='lat' dir='ltr'><strong>mortis.</strong></span> <span class='ocrx_word' id='word_1_632' title='bbox 1537 5264 1623 5335; x_wconf 74' lang='lat' dir='ltr'><strong>gioria</strong></span> <span class='ocrx_word' id='word_1_633' title='bbox 1635 5259 1779 5320; x_wconf 81' lang='lat' dir='ltr'><strong>ethonore</strong></span> 
     </span>
     <span class='ocr_line' id='line_1_50' title="bbox 117 5358 1778 5441; baseline -0.007 -15"><span class='ocrx_word' id='word_1_634' title='bbox 117 5367 261 5427; x_wconf 80' lang='lat' dir='ltr'><strong>deficient.</strong></span> <span class='ocrx_word' id='word_1_635' title='bbox 288 5371 331 5427; x_wconf 79' lang='lat' dir='ltr'><strong>sd</strong></span> <span class='ocrx_word' id='word_1_636' title='bbox 346 5386 428 5441; x_wconf 90' lang='lat' dir='ltr'><strong>quem</strong></span> <span class='ocrx_word' id='word_1_637' title='bbox 441 5380 531 5429; x_wconf 88' lang='lat' dir='ltr'><strong>autem</strong></span> <span class='ocrx_word' id='word_1_638' title='bbox 545 5371 706 5441; x_wconf 72' lang='lat' dir='ltr'><strong>angelorum</strong></span> <span class='ocrx_word' id='word_1_639' title='bbox 719 5370 788 5427; x_wconf 88' lang='lat' dir='ltr'><strong>dixit</strong></span> <span class='ocrx_word' id='word_1_640' title='bbox 801 5369 925 5440; x_wconf 89' lang='lat' dir='ltr'><strong>aiiquan·</strong></span> <span class='ocrx_word' id='word_1_641' title='bbox 977 5377 1156 5426; x_wconf 88' lang='lat' dir='ltr'><strong>coronatum:</strong></span> <span class='ocrx_word' id='word_1_642' title='bbox 1170 5365 1294 5437; x_wconf 76' lang='lat' dir='ltr'><strong>utqratia</strong></span> <span class='ocrx_word' id='word_1_643' title='bbox 1307 5363 1366 5434; x_wconf 87' lang='lat' dir='ltr'><strong>bei,</strong></span> <span class='ocrx_word' id='word_1_644' title='bbox 1378 5358 1563 5435; x_wconf 89' lang='lat' dir='ltr'><strong>proomnibus</strong></span> <span class='ocrx_word' id='word_1_645' title='bbox 1572 5364 1696 5430; x_wconf 74' lang='lat' dir='ltr'><strong>gustaret</strong></span> <span class='ocrx_word' id='word_1_646' title='bbox 1706 5369 1778 5414; x_wconf 86' lang='lat' dir='ltr'><strong>mer-</strong></span> 
     </span>
     <span class='ocr_line' id='line_1_51' title="bbox 116 5447 1779 5554; baseline -0.01 -34"><span class='ocrx_word' id='word_1_647' title='bbox 116 5461 176 5521; x_wconf 87' lang='lat' dir='ltr'><strong>do:</strong></span> <span class='ocrx_word' id='word_1_648' title='bbox 199 5452 424 5522; x_wconf 85' lang='lat' dir='ltr'><strong>Sedeadextris</strong></span> <span class='ocrx_word' id='word_1_649' title='bbox 437 5465 518 5535; x_wconf 88' lang='lat' dir='ltr'><strong>meis,</strong></span> <span class='ocrx_word' id='word_1_650' title='bbox 532 5464 712 5538; x_wconf 79' lang='lat' dir='ltr'><strong>quoadusque</strong></span> <span class='ocrx_word' id='word_1_651' title='bbox 725 5461 925 5535; x_wconf 87' lang='lat' dir='ltr'><strong>ponaminimi·</strong></span> <span class='ocrx_word' id='word_1_652' title='bbox 980 5471 1045 5518; x_wconf 90' lang='lat' dir='ltr'><strong>tem.</strong></span> <span class='ocrx_word' id='word_1_653' title='bbox 1068 5458 1359 5554; x_wconf 67' lang='lat' dir='ltr'><strong>becebtrtenimeunr,</strong></span> <span class='ocrx_word' id='word_1_654' title='bbox 1381 5462 1493 5526; x_wconf 89' lang='lat' dir='ltr'><strong>propter</strong></span> <span class='ocrx_word' id='word_1_655' title='bbox 1515 5465 1596 5522; x_wconf 83' lang='lat' dir='ltr'><strong>quent</strong></span> <span class='ocrx_word' id='word_1_656' title='bbox 1617 5447 1724 5526; x_wconf 80' lang='lat' dir='ltr'><strong>emnia,</strong></span> <span class='ocrx_word' id='word_1_657' title='bbox 1749 5454 1779 5505; x_wconf 92' lang='lat' dir='ltr'><strong>et</strong></span> 
     </span>
    </p>
   </div>
   <div class='ocr_carea' id='block_1_12' title="bbox 117 5663 1654 5807">
    <p class='ocr_par' dir='ltr' id='par_1_12' title="bbox 117 5663 1654 5807">
     <span class='ocr_line' id='line_1_52' title="bbox 153 5663 1591 5742; baseline -0.003 -18"><span class='ocrx_word' id='word_1_658' title='bbox 153 5678 168 5708; x_wconf 78' lang='lat'>⁸</span> <span class='ocrx_word' id='word_1_659' title='bbox 184 5665 292 5724; x_wconf 68' lang='lat' dir='ltr'><strong>vitiose</strong></span> <span class='ocrx_word' id='word_1_660' title='bbox 309 5664 441 5736; x_wconf 89' lang='lat' dir='ltr'><strong>scriptum</strong></span> <span class='ocrx_word' id='word_1_661' title='bbox 462 5666 490 5721; x_wconf 91' lang='lat' dir='ltr'><strong>in</strong></span> <span class='ocrx_word' id='word_1_662' title='bbox 506 5665 653 5724; x_wconf 84' lang='lat' dir='ltr'><strong>iiartiansri</strong></span> <span class='ocrx_word' id='word_1_663' title='bbox 672 5667 792 5725; x_wconf 75' lang='lat' dir='ltr'><strong>editione</strong></span> <span class='ocrx_word' id='word_1_664' title='bbox 813 5665 921 5724; x_wconf 86' lang='lat' dir='ltr'><strong>duobus</strong></span> <span class='ocrx_word' id='word_1_665' title='bbox 975 5663 1100 5730; x_wconf 67' lang='grc' dir='ltr'>ἀλλάξεις·</span> <span class='ocrx_word' id='word_1_666' title='bbox 1248 5729 1254 5742; x_wconf 51' lang='grc'>,</span> <span class='ocrx_word' id='word_1_667' title='bbox 1349 5731 1354 5740; x_wconf 32' lang='grc' dir='ltr'>Ι</span> <span class='ocrx_word' id='word_1_668' title='bbox 1585 5725 1591 5742; x_wconf 52' lang='lat'>‚</span> 
     </span>
     <span class='ocr_line' id='line_1_53' title="bbox 117 5723 1654 5807; baseline -0.014 -9"><span class='ocrx_word' id='word_1_669' title='bbox 117 5739 226 5804; x_wconf 80' lang='lat' dir='ltr'><strong>vernis.</strong></span> <span class='ocrx_word' id='word_1_670' title='bbox 243 5737 290 5793; x_wconf 84' lang='lat' dir='ltr'><strong>red</strong></span> <span class='ocrx_word' id='word_1_671' title='bbox 303 5746 339 5804; x_wconf 84' lang='lat' dir='ltr'><strong>et,</strong></span> <span class='ocrx_word' id='word_1_672' title='bbox 353 5751 405 5807; x_wconf 90' lang='lat' dir='ltr'><strong>pro</strong></span> <span class='ocrx_word' id='word_1_673' title='bbox 417 5737 497 5807; x_wconf 86' lang='lat' dir='ltr'><strong>redit,</strong></span> <span class='ocrx_word' id='word_1_674' title='bbox 512 5747 560 5796; x_wconf 92' lang='lat' dir='ltr'><strong>aut</strong></span> <span class='ocrx_word' id='word_1_675' title='bbox 569 5741 653 5797; x_wconf 70' lang='lat' dir='ltr'><strong>sedet.</strong></span> <span class='ocrx_word' id='word_1_676' title='bbox 1014 5747 1025 5774; x_wconf 74' lang='lat'>⁸</span> <span class='ocrx_word' id='word_1_677' title='bbox 1042 5735 1115 5792; x_wconf 88' lang='lat' dir='ltr'><strong>idem</strong></span> <span class='ocrx_word' id='word_1_678' title='bbox 1131 5745 1195 5800; x_wconf 78' lang='lat' dir='ltr'><strong>ms,</strong></span> <span class='ocrx_word' id='word_1_679' title='bbox 1209 5727 1316 5804; x_wconf 81' lang='lat' dir='ltr'><strong>quidam</strong></span> <span class='ocrx_word' id='word_1_680' title='bbox 1326 5728 1417 5784; x_wconf 80' lang='lat' dir='ltr'><strong>dracus</strong></span> <span class='ocrx_word' id='word_1_681' title='bbox 1428 5743 1437 5793; x_wconf 90' lang='grc'><strong>,·</strong></span> <span class='ocrx_word' id='word_1_682' title='bbox 1448 5723 1497 5783; x_wconf 84' lang='lat' dir='ltr'><strong>Gr.</strong></span> <span class='ocrx_word' id='word_1_683' title='bbox 1512 5725 1552 5786; x_wconf 78' lang='lat' dir='ltr'><strong>rie</strong></span> <span class='ocrx_word' id='word_1_684' title='bbox 1564 5724 1654 5800; x_wconf 60' lang='lat' dir='ltr'><strong>imon.</strong></span> 
     </span>
    </p>
   </div>
   <div class='ocr_carea' id='block_1_13' title="bbox 152 5807 1518 5962">
    <p class='ocr_par' dir='ltr' id='par_1_13' title="bbox 152 5807 1518 5962">
     <span class='ocr_line' id='line_1_54' title="bbox 152 5807 1445 5883; baseline -0.002 -15"><span class='ocrx_word' id='word_1_685' title='bbox 152 5811 168 5852; x_wconf 79' lang='lat'><strong>¹³</strong></span> <span class='ocrx_word' id='word_1_686' title='bbox 189 5810 221 5867; x_wconf 86' lang='lat' dir='ltr'><strong>itt</strong></span> <span class='ocrx_word' id='word_1_687' title='bbox 235 5807 325 5866; x_wconf 73' lang='lat' dir='ltr'><strong>Psiat-</strong></span> <span class='ocrx_word' id='word_1_688' title='bbox 340 5821 409 5876; x_wconf 75' lang='lat' dir='ltr'><strong>tus,</strong></span> <span class='ocrx_word' id='word_1_689' title='bbox 429 5809 558 5876; x_wconf 74' lang='lat' dir='ltr'><strong>inceium,</strong></span> <span class='ocrx_word' id='word_1_690' title='bbox 581 5818 608 5866; x_wconf 86' lang='lat' dir='ltr'><strong>et</strong></span> <span class='ocrx_word' id='word_1_691' title='bbox 629 5809 726 5869; x_wconf 82' lang='lat' dir='ltr'><strong>Graece</strong></span> <span class='ocrx_word' id='word_1_692' title='bbox 748 5811 850 5880; x_wconf 60' lang='grc' dir='ltr'>Μαι,</span> <span class='ocrx_word' id='word_1_693' title='bbox 874 5825 924 5883; x_wconf 92' lang='lat' dir='ltr'><strong>pro</strong></span> <span class='ocrx_word' id='word_1_694' title='bbox 1438 5845 1445 5856; x_wconf 90' lang='lat'><strong>·</strong></span> 
     </span>
     <span class='ocr_line' id='line_1_55' title="bbox 308 5889 1518 5962; baseline 0.009 -2"><span class='ocrx_word' id='word_1_695' title='bbox 308 5898 446 5960; x_wconf 75' lang='lat' dir='ltr'><strong>Parnes.</strong></span> <span class='ocrx_word' id='word_1_696' title='bbox 469 5897 592 5962; x_wconf 75' lang='lat' dir='ltr'><strong>XXIX.</strong></span> <span class='ocrx_word' id='word_1_697' title='bbox 1478 5889 1518 5952; x_wconf 70' lang='lat'><strong>2⁶</strong></span> 
     </span>
    </p>
   </div>
   <div class='ocr_carea' id='block_1_14' title="bbox 0 0 2026 6324">
    <p class='ocr_par' dir='ltr' id='par_1_14' title="bbox 0 0 2026 6324">
     <span class='ocr_line' id='line_1_56' title="bbox 0 0 2026 6324; baseline 0 0"><span class='ocrx_word' id='word_1_698' title='bbox 0 0 2026 6324; x_wconf 95' lang='lat' dir='ltr'><strong> </strong></span> 
     </span>
    </p>
   </div>
  </div>
 </body>
</html>
