4017 6334
1044 205 1063 230 1

120 409 171 468 ili
533 414 701 478 uersuum
723 413 754 473 B.
776 410 879 471 esunt
900 407 1069 468 ucos'rout
1089 407 1136 468 uu
1155 409 1340 472 HEBRAEOS.
1718 410 1772 468 8i8

120 541 206 584 annos
219 524 324 586 eisdem
335 528 401 604 ipsis
411 528 525 603 hostiis,
542 545 611 603 quas
624 529 742 588 oderunt
756 527 915 586 indesinen·
932 521 1064 587 Abeant.
1087 523 1122 579 Et
1134 521 1233 580 iterum
1247 542 1254 580 r
1273 525 1341 596 Quia
1354 525 1487 600 judicabit
1499 526 1630 584 Dominus
1642 527 1772 599 populum

123 630 175 689 ter,
192 636 341 694 numquam
363 630 455 696 potest
474 623 638 681 aecedentes
661 621 796 693 periectos
809 619 919 675 lacere:
973 630 1064 671 suum.
1084 613 1258 673 Horrenduut
1284 627 1327 675 εει
1350 619 1473 678 incidere
1497 620 1524 676 iu
1546 634 1642 676 manus
1662 619 1710 676 ilci
1729 619 1773 677 vi·

122 713 243 785 alioquin
259 722 415 771 cessassent
429 714 541 772 offerri:
560 715 623 772 ideo
638 713 709 786 qood
722 713 821 769 nullam
837 711 922 768 babe-

974 709 1074 764 ventis.
1094 709 1327 770 uctttcnmratnini
1341 723 1432 770 autem
1445 713 1576 785 pristinos
1591 713 1663 783 dies,
1674 715 1702 770 in
1713 713 1774 784 qui·

123 818 185 863 rent
208 808 282 864 ultra
312 808 509 866 conscientiam
538 809 666 880 peccati,
692 808 812 864 cultores
837 803 923 862 semel
972 800 1024 858 bus
1035 801 1188 870 illuminati,
1200 819 1325 876 magnum
1342 817 1480 862 certamen
1492 803 1657 863 sustinuistis
1669 805 1773 876 passio-

123 900 267 958 mundati:
289 901 338 958 sed
359 903 387 958 in
412 901 479 973 ipsis
498 900 725 959 commemoratio
748 909 922 969 peccatorum

123 1010 171 1068 per
194 995 319 1068 singulos
342 1008 430 1051 annos
445 994 484 1049 iit.
512 991 684 1066 Impossibile
702 991 777 1048 euim
793 996 836 1046 est
857 987 922 1070 [lie.

122 1085 194 1162 erat]
209 1087 345 1160 sanguine
366 1096 505 1142 taurorum
527 1095 555 1141 ει
575 1085 716 1141 hircorum
737 1082 840 1139 anierri
857 1096 922 1152 pec-

122 1190 193 1236 cata.
212 1179 279 1237 idco
294 1178 450 1252 ingrediens
473 1179 605 1236 mundum
624 1179 711 1234 dicit:
733 1177 872 1244 Hostiam,
896 1185 923 1230 et

121 1273 289 1329 oblationem
311 1271 445 1328 noluisti:
469 1287 568 1343 corpus
589 1281 680 1328 autem
708 1271 808 1342 aptasti
834 1267 921 1324 milri:

974 910 1038 949 nutu
1052 938 1059 964 ,
1072 904 1098 950 et
1113 896 1139 951 in
1150 895 1238 953 altero
1254 897 1361 970 quidem
1375 940 1382 964 ‚
1407 898 1561 970 opprobriis
1574 909 1602 954 et
1617 898 1772 955 tribulatio-

974 985 1055 1042 nibus
1070 989 1255 1058 spectaculum
1278 989 1342 1046 laeti
1356 1010 1362 1047 :
1377 993 1403 1046 in
1420 992 1505 1048 altero
1520 999 1611 1048 autem
1626 1034 1633 1056 ‚
1653 991 1721 1050 socii
1734 1001 1775 1046 ta-
1855 982 1860 994 ⁸

975 1080 1038 1138 liter
1052 1083 1270 1140 conversantium
1286 1083 1386 1142 ellecti.
1406 1084 1473 1142 iiam
1485 1095 1513 1142 et
1529 1085 1627 1142 tinctis
1637 1087 1773 1156 compassi
1870 1157 1876 1164 ο

975 1175 1061 1244 εειίε,
1077 1185 1105 1230 ει
1118 1175 1239 1246 rapinam
1261 1177 1400 1234 honorum
1417 1190 1570 1235 vestrorum
1593 1193 1654 1235 cum
1674 1178 1775 1250 gaudio

974 1265 1154 1338 suscepistis,
1179 1280 1377 1341 cognoscentes
1397 1286 1446 1327 vos
1471 1269 1575 1328 habere
1593 1271 1735 1328 meliorem
1747 1280 1777 1330 ει

122 1365 375 1422 holocautomata*
394 1379 443 1438 pro
464 1374 577 1437 peceato
603 1381 657 1420 nott
680 1363 728 1420 tuni
749 1364 927 1436 placuerunt„
975 1373 1133 1418 manentem
1145 1364 1337 1422 substantiam.
1357 1365 1448 1422 Nolite
1465 1365 1556 1438 itaquo
1571 1365 1777 1424 amitterecon·

121 1460 200 1517 Tunc
214 1458 291 1515 diri:
306 1458 376 1516 Ecce
392 1457 474 1515 venio
486 1475 494 1515 :
508 1459 535 1514 in
550 1459 640 1529 capite
655 1456 718 1513 iibri
733 1456 864 1527 scriptum
882 1465 925 1512 εει
974 1454 1115 1512 fidentiam
1138 1466 1278 1526 vestram,
1302 1474 1364 1530 quae
1380 1475 1505 1532 magnam
1518 1458 1601 1518 habet
1617 1473 1777 1516 remunera·

122 1552 157 1608 de
171 1569 236 1609 me:
252 1546 288 1610 Bt
302 1553 398 1608 iaciam
413 1549 476 1625 [tlt.
494 1549 640 1623 iacerent]‚
656 1551 739 1623 Deus,
757 1552 923 1606 voluntatem
975 1548 1088 1604 tionem.
1110 1548 1245 1606 Patientia
1262 1552 1334 1607 enim
1351 1552 1428 1608 vobis
1440 1552 1594 1610 necessaria
1605 1561 1667 1611 est:
1684 1560 1714 1608 ut
1729 1565 1777 1608 vo-

123 1660 208 1704 mam.
224 1645 361 1718 Superius
372 1645 468 1704 dicens
482 1664 488 1701 z
504 1646 573 1716 Quia
585 1646 699 1711 hostius,
716 1657 744 1701 et
759 1644 922 1714 oblationes,
974 1639 1107 1696 iuutatetn
1130 1640 1179 1697 ilci
1203 1639 1353 1712 iacientes,
1379 1643 1528 1714 reportetis
1549 1642 1773 1716 promissionem.

122 1749 151 1796 et
171 1738 394 1796 holocautomata
419 1755 469 1810 pro
485 1750 600 1812 peccato
615 1738 742 1807 uoluisti,
760 1754 809 1793 nec
824 1737 923 1808 placita
974 1728 1072 1787 Adbuc
1096 1731 1168 1786 enim
1191 1731 1328 1788 modicum
1347 1732 1557 1803 aliquantulum,
1579 1731 1627 1805 qttl
1642 1742 1775 1790 venturus

123 1842 187 1889 sunt
206 1832 277 1900 tibi,
305 1845 366 1904 qttae
387 1832 537 1888 secuudum
560 1831 647 1902 legem
670 1828 831 1900 olleruntur,
860 1839 925 1887 tune
975 1825 1203 1893 est,ueuiet‚et
1214 1839 1270 1882 non
1287 1813 1415 1883 tardabit.
1435 1827 1530 1884 iustus
1543 1839 1634 1883 autent
1650 1840 1726 1883 meus
1740 1843 1776 1884 ex

122 1926 199 1982 diri:
221 1925 296 1982 Ecce
317 1925 418 1993 venio,
441 1933 472 1980 ut
496 1923 617 1992 inciam,
639 1922 733 1993 Deus,
753 1923 922 1979 voluntatem
938 1918 1128 1982 Blidevivit:
1143 1920 1249 1992 quodsi
1267 1920 1433 1976 subtraxerit
1444 1935 1492 1989 se,
1515 1939 1567 1977 nou
1583 1921 1700 1992 placebit
1714 1921 1776 1978 ani·

124 2030 199 2076 tuam
214 2038 220 2075 :
244 2019 333 2076 aufert
357 2019 493 2088 primum,
517 2026 546 2074 ut
561 2033 680 2090 sequeus
695 2026 808 2073 statuat.
828 2017 857 2072 in
871 2030 925 2088 qua
977 2027 1029 2068 ntae
1043 2028 1121 2068 meae.
1142 2013 1197 2068 uos
1207 2021 1297 2068 autem
1308 2029 1359 2070 nos
1374 2028 1467 2070 sttmus
1478 2015 1670 2072 subtractionis
1684 2014 1730 2071 lilii
1746 2013 1775 2070 in

122 2115 264 2169 voluntate
277 2112 440 2170 sanetiucatt
455 2127 551 2168 sumus
563 2128 610 2182 per
622 2111 785 2167 oblationem
800 2111 925 2180 corporis

123 2207 188 2264 lesu
203 2204 306 2262 Citristi
320 2206 404 2262 semei
420 2203 486 2280 [us.
500 2205 527 2260 itt
544 2203 651 2277 serneii.
668 2203 702 2259 Et
714 2205 803 2259 omnis
814 2201 924 2274 quidem

123 2300 254 2356 sacerdos
270 2307 371 2369 praesto
390 2310 431 2355 cst
444 2299 566 2371 quotidie
582 2299 757 2364 ministrans,
773 2309 800 2352 ει
814 2295 924 2354 easdem

123 2406 196 2462 saepe
216 2390 335 2447 ollcrens
355 2391 482 2458 bestias,
505 2405 567 2462 quae
585 2407 731 2462 ntunquntu
746 2399 861 2460 possunt
876 2405 925 2444 au·

124 2483 195 2539 ierre
216 2492 350 2554 peccata:
375 2481 419 2539 bic
441 2492 531 2538 autem
547 2498 629 2539 unam
651 2497 699 2553 pro
721 2481 841 2552 peccatis
855 2478 925 2536 olle-

125 2593 186 2634 rens
200 2577 333 2650 hostiam,
349 2577 376 2633 iu
392 2577 589 2649 sempiternum
602 2576 680 2634 sedet
692 2579 718 2634 iu
734 2576 846 2635 deutera
861 2576 922 2647 Dei,

124 2672 158 2728 de
179 2680 286 2729 caetero
305 2683 467 2742 exspectans
482 2673 569 2729 donee
590 2683 726 2744 ponantur
743 2671 848 2728 inimici
864 2671 924 2743 ejus

125 2763 274 2821 scabeilum
299 2765 397 2836 pedum
422 2766 491 2836 ejus.
512 2763 573 2822 Una
593 2766 665 2825 euim
686 2763 839 2833 oblatione,
855 2779 922 2821 con·

124 2859 268 2913 somniarit
288 2858 315 2913 itt
335 2857 532 2928 sempiternum
555 2859 751 2916 sanctificatus.
779 2857 925 2920 Contesta-

125 2961 167 3006 tur
179 2961 271 3008 autem
286 2967 335 3006 nos
354 2961 384 3007 ει
398 2952 519 3023 Spiritus
533 2961 655 3007 sanctus.
687 2951 834 3024 Postquam
850 2953 924 3009 enirn

124 3041 213 3099 dixit:
236 3041 295 3098 une
317 3052 409 3098 autent
434 3053 644 3112 testamentum,
658 3044 731 3116 qnod
753 3045 874 3102 testabor
888 3047 924 3104 ad

124 3135 186 3191 illos
206 3143 271 3205 post
292 3134 354 3191 dies
373 3135 458 3204 ilios,
483 3136 549 3192 dicit
565 3135 716 3193 ilutuinus:
743 3137 836 3193 [lando
850 3137 924 3211 leges

125 3245 199 3284 meas
215 3230 243 3285 in
259 3229 390 3286 cordibus
403 3245 516 3296 cortun,
531 3241 557 3288 et
572 3229 599 3286 iu
615 3231 754 3288 utentibus
767 3246 864 3287 eorum
875 3248 924 3286 stt·

976 2103 1170 2176 perditionem,
1186 2104 1234 2161 sed
1249 2105 1310 2161 lidei
1327 2107 1353 2161 iu
1368 2107 1576 2178 acquisitionem
1591 2105 1700 2163 ouimae.

1012 2195 1161 2272 [Capilli
1177 2199 1227 2255 Est
1241 2209 1333 2257 autem
1350 2199 1415 2257 lidus
1431 2199 1628 2271 sperandarum
1644 2201 1775 2257 substan·

976 2293 1016 2350 tia
1040 2310 1144 2362 rerum,
1167 2307 1357 2366 argumentum
1385 2311 1438 2351 uon
1463 2293 1665 2366 apparentium.
1682 2293 1711 2348 ln
1725 2294 1777 2350 luto

975 2385 1049 2442 enim
1066 2387 1251 2443 testimouium
1276 2388 1419 2444 consecuti
1446 2397 1509 2444 suut
1532 2401 1622 2442 senes.
1641 2385 1708 2442 Fide
1735 2385 1778 2443 itt·

976 2479 1124 2551 telliqimus
1139 2489 1231 2546 aptata
1245 2495 1306 2536 esse
1321 2480 1421 2537 secula
1437 2482 1520 2538 verbu
1537 2480 1596 2548 uei,
1617 2489 1647 2536 ut
1660 2495 1694 2557 ex
1707 2479 1777 2536 invi·

974 2571 1102 2628 sibilibus
1127 2571 1245 2630 visibilia
1271 2571 1377 2629 llerent.
1401 2573 1470 2630 Fide
1490 2571 1632 2644 plurimam
1658 2573 1777 2630 bostiam

975 2666 1059 2733 Abel,
1082 2682 1162 2736 quam
1176 2665 1260 2736 Cain,
1283 2666 1382 2723 obtulit
1398 2668 1471 2734 ileo.
1487 2683 1537 2739 per
1551 2681 1632 2742 quam
1653 2666 1778 2723 testium·

974 2758 1050 2816 aiom
1066 2768 1233 2815 consecutus
1246 2766 1289 2814 est
1304 2774 1364 2816 esse
1377 2759 1477 2830 justus,
1503 2758 1689 2815 testimoninm
1711 2773 1777 2830 per-

975 2850 1089 2930 hibente
1103 2851 1260 2910 muneribus
1272 2851 1332 2924 ejus
1345 2851 1419 2910 ilco:
1438 2861 1466 2907 et
1479 2866 1527 2922 per
1542 2851 1615 2908 illam
1631 2849 1777 2909 defunctos

974 2944 1065 3000 adbuc
1078 2943 1209 3016 loquitur.
1225 2943 1292 3001 niue
1304 2943 1415 3000 uetncu
1427 2942 1571 2999 translatus
1586 2952 1639 3012 εει,
1654 2959 1688 3000 ne-
1700 2941 1778 3002 vide·

976 3046 1153 3104 tettuortem,
1165 3045 1193 3093 ct
1202 3037 1463 3106 unuinveniebatur,
1475 3038 1536 3110 qnia
1550 3035 1687 3094 transtulit
1698 3036 1774 3092 ilium

975 3129 1066 3189 Deus:
1089 3141 1152 3189 attte
1166 3132 1372 3188 translationem
1396 3134 1469 3189 enim
1484 3133 1667 3188 testimouium
1682 3132 1778 3189 hahuit
1848 3185 1850 3194 ,

976 3223 1111 3295 placuisse
1127 3225 1192 3281 ileo.
1219 3225 1284 3281 Sine
1298 3224 1349 3280 ltde
1371 3235 1460 3280 autent
1476 3225 1644 3300 imposibile
1657 3233 1698 3281 εει
1719 3224 1778 3296 pia·

124 3325 295 3396 perscribant
310 3339 375 3380 eas:
394 3334 421 3380 ει
441 3333 636 3398 pcccatorum,
652 3337 679 3381 et
692 3326 862 3398 iniquitatum
878 3341 924 3384 co-
937 3303 961 3368 (ἶ
976 3333 1040 3374 cere
1066 3317 1134 3374 ben.
1162 3317 1280 3374 Credere
1305 3319 1378 3374 enim
1400 3327 1509 3390 opturet
1540 3317 1717 3375 accedentem
1743 3317 1779 3374 vd

125 3419 251 3492 numiam
267 3435 322 3475 uon
334 3419 500 3475 recordabor
515 3417 642 3492 amplius.
656 3417 706 3478 Ubi
720 3434 810 3476 autctn
827 3420 924 3474 borum

125 3513 268 3577 remissio,
286 3513 344 3584 jam
366 3527 420 3568 non
435 3521 477 3568 εει
492 3513 594 3568 oblatio
608 3527 658 3583 pro
674 3524 796 3584 peccato.
817 3513 926 3569 uaben-

124 3618 167 3664 tes
180 3609 289 3679 itaque,
306 3607 420 3670 iratres,
443 3606 570 3662 iiduciom
591 3608 618 3661 in
632 3605 749 3662 introitu
766 3617 924 3662 sanctornm

124 3700 151 3754 in
171 3703 304 3772 sanquine
320 3697 439 3771 Christi,
462 3716 542 3770 quam
563 3699 678 3755 initiavit
691 3684 769 3755 nobis
786 3700 858 3755 viaut
876 3715 926 3754 ntr-

125 3808 208 3861 rmn,
235 3802 263 3849 ct
284 3793 423 3849 viventem
448 3794 662 3863 perventuro,
689 3793 715 3848 id
739 3801 790 3862 est,
813 3808 924 3848 carnem

123 3901 222 3952 suant,
249 3896 276 3941 et
297 3887 467 3942 sacerdotem
492 3902 619 3958 maguum
635 3902 717 3958 super
729 3885 839 3942 dentum
855 3887 921 3944 hei:

123 3979 286 4034 accedamus
312 3994 373 4035 cnut
395 3994 461 4034 vero
481 3981 565 4036 corde
595 3979 621 4035 in
655 3979 823 4049 plenitudine
847 3981 923 4048 ildei,

122 4075 230 4143 aspersi
250 4071 335 4128 corda
361 4071 556 4128 aconsclentin
573 4071 659 4137 mala,
680 4080 708 4126 ει
723 4071 808 4126 abluti
824 4087 925 4144 corpus

123 4179 195 4233 aqna
217 4164 336 4230 munda,
361 4172 504 4220 teneamus
526 4164 583 4235 spei
605 4175 703 4219 nostre
722 4163 923 4219 cortiessiouem

122 4257 348 4314 indeclinabilem
364 4257 466 4330 (bdelis
482 4259 555 4313 euim
573 4267 616 4312 εει
632 4257 678 4328 qtti
693 4257 880 4329 repromisit),
897 4267 926 4314 et

121 4350 332 4407 consideremus
349 4351 465 4407 invicem
479 4351 509 4405 in
532 4349 754 4422 provocationem
768 4350 923 4422 charitatis,

121 4454 151 4500 ει
167 4447 302 4501 bonorum
325 4460 457 4515 operum:
474 4461 528 4498 non
552 4443 712 4499 deserentes
732 4443 922 4500 collectionem

121 4549 264 4607 nostram,
285 4539 356 4594 sicut
381 4537 588 4594 consuetudinis
611 4549 654 4594 est
673 4537 855 4610 quibusdam:
876 4538 923 4592 scd

120 4633 314 4700 consolantes,
325 4642 353 4689 ει
367 4643 444 4688 tatttn
460 4632 546 4705 magis
566 4646 668 4704 qnauto
682 4631 805 4686 vtderitis
825 4647 923 4701 appru-

121 4727 301 4796 pinquanteut
316 4725 400 4782 diem.
420 4724 581 4782 voluntarie
597 4726 669 4781 enint
683 4724 859 4796 peccantibus
874 4741 923 4779 uo·

120 4817 165 4874 bis
176 4827 239 4890 post
252 4829 391 4892 acceptam
412 4821 534 4877 notitiam
550 4819 689 4888 veritatis,
702 4821 758 4891 jatn
778 4836 830 4876 non
844 4821 925 4876 relin-

118 4914 219 4983 quitur
229 4927 277 4984 pro
292 4914 413 4986 peccatis
428 4914 516 4970 hostia
530 4932 537 4969 :
553 4914 683 4969 terribilis
696 4923 785 4970 autem
798 4914 923 4985 quedam

118 5008 295 5074 exspectatio
307 5003 417 5076 judicii,
431 5012 460 5061 ει
472 5006 542 5076 iguis
557 5005 705 5072 aetttuiotio,
723 5023 782 5074 quse
800 5021 926 5062 cousum-

118 5107 205 5168 ptura
221 5109 261 5155 cst
286 5099 470 5156 adversarios.
500 5098 606 5155 irritam
630 5099 691 5170 quis
714 5098 816 5155 iaciens
837 5101 923 5171 legem

116 5189 293 5263 Moysisine
313 5192 368 5248 ulta
392 5194 569 5250 miseratione
591 5192 699 5250 duobus
717 5192 762 5250 vei
776 5193 863 5249 trihus
880 5204 921 5249 te·

115 5283 214 5339 stibus
225 5285 361 5341 motitur:
381 5293 484 5353 qttattlo
503 5287 587 5357 magis
601 5285 702 5356 putatis
719 5284 853 5340 deteriora
868 5299 925 5340 tne-

114 5376 175 5432 reri
189 5377 334 5448 supplicia,
351 5379 396 5448 qui
408 5376 507 5433 Filium
521 5377 570 5434 Dei
586 5377 805 5449 conculcaverit,
821 5384 850 5434 et
862 5393 925 5434 sau·

113 5469 232 5538 quinem
250 5472 407 5528 testamenti
423 5470 554 5541 pollutum
571 5471 699 5540 duxerit,
716 5471 743 5525 in
757 5486 810 5541 quo
824 5472 926 5527 saneti·

115 5559 296 5630 bonusest,
317 5574 344 5619 ει
366 5562 472 5634 spiritui
489 5562 584 5634 qratia
599 5563 791 5618 contumeliam
812 5562 925 5617 ieceritl

115 5653 235 5709 Scimus
248 5653 319 5711 enim
333 5655 382 5728 qui
403 5655 489 5711 dirit:
507 5655 573 5712 uiui
584 5653 723 5724 vindicta,
739 5664 765 5711 et
779 5669 831 5727 eqo
844 5655 926 5711 retri-

154 5849 171 5879 ¹
194 5836 293 5894 Verius
314 5840 536 5907 coniunctionem
556 5851 580 5896 ει
601 5841 742 5898 Palatinus
757 5857 809 5898 ms.
830 5841 921 5899 addit:

114 5911 236 5979 Graece,
247 5915 287 5970 ιιιι
299 5915 359 5986 περι
371 5911 512 5989 ineptiam
527 5927 610 5986 quam
625 5924 653 5972 ει
667 5915 824 5986 paulopost
837 5913 927 5972 lectio-

978 3409 1080 3478 [leutu‚
1099 3409 1162 3482 quio
1182 3420 1241 3480 esi,
1264 3419 1292 3467 ei
1307 3411 1508 3484 inquirentibus
1531 3427 1562 3467 ee
1588 3421 1780 3470 remunerator

975 3504 1021 3559 sit.
1038 3501 1106 3558 Fide
1120 3501 1195 3568 Noe,
1213 3517 1346 3575 responso
1372 3514 1485 3573 accepto
1507 3503 1541 3560 de
1558 3504 1590 3558 iis
1609 3519 1670 3575 qum
1686 3503 1778 3560 adhuc

976 3612 1031 3653 nnn
1046 3595 1209 3652 videbantur
1222 3638 1229 3664 ,
1244 3606 1368 3652 metuens
1383 3597 1491 3667 optavit
1503 3611 1596 3652 arcam
1613 3595 1639 3650 iu
1658 3595 1776 3652 salutent

975 3689 1073 3743 domus
1093 3703 1163 3752 suae,
1183 3704 1232 3760 pet*
1246 3705 1327 3758 quam
1351 3687 1490 3743 damnauit
1506 3687 1636 3742 mundum
1652 3706 1657 3740 :
1673 3697 1701 3742 ει
1712 3685 1774 3757 jus-

976 3783 1055 3853 titiae,
1071 3797 1131 3854 qum
1148 3782 1357 3853 perimentem,
1381 3782 1469 3836 butes
1482 3791 1525 3836 εει
1544 3779 1777 3836 institueremus

976 3877 1022 3948 qui
1044 3887 1158 3931 vocatur
1186 3875 1337 3944 Abrabam,
1366 3875 1489 3931 obedivit
1512 3875 1538 3930 in
1567 3875 1656 3930 iuctnn
1680 3875 1774 3942 exire,

976 3985 1056 4039 quem
1071 3980 1232 4040 accepturus
1244 3977 1304 4025 erat
1319 3969 1344 4024 iu
1357 3967 1547 4025 increditatent
1562 3986 1569 4024 :
1592 3979 1618 4024 et
1634 3969 1710 4035 cxiii,
1729 3983 1777 4023 tte·

976 4062 1066 4120 sciens
1080 4077 1134 4133 qno
1147 4063 1210 4118 iret.
1229 4062 1295 4118 Fide
1315 4061 1472 4118 dctnoratus
1487 4072 1528 4118 cst
1552 4063 1578 4118 iu
1593 4071 1665 4117 terra
1680 4077 1777 4132 repro·

976 4157 1116 4212 missionis
1129 4199 1135 4223 ,
1153 4165 1280 4228 tanqnnnt
1297 4155 1322 4212 in
1336 4156 1442 4222 alienu,
1462 4159 1488 4212 in
1500 4155 1600 4213 casulis
1616 4155 1777 4225 habitando,

975 4264 1038 4306 cunt
1066 4246 1142 4306 isaac
1169 4259 1197 4305 ει
1221 4247 1306 4306 incnh
1335 4247 1525 4306 cultanrcdiltus
1556 4247 1778 4319 repromissionis

976 4340 1112 4408 ejusdem.
1137 4341 1317 4412 exspectabat
1340 4341 1411 4397 cuitu
1434 4341 1609 4398 l'tntdantema
1634 4341 1778 4396 ltrthcntetn

976 4436 1135 4491 civitatem:
1159 4435 1236 4506 cujus
1258 4436 1355 4491 artilex
1381 4445 1408 4491 ει
1432 4435 1556 4490 eonditor
1571 4433 1653 4490 Deus.
1670 4431 1736 4488 Fide
1750 4442 1779 4490 et

977 4527 1033 4600 ipsa
1050 4527 1115 4584 Satn
1130 4525 1231 4582 sterilis
1254 4527 1380 4581 virtutem
1395 4526 1420 4580 iu
1435 4526 1643 4594 conceptionem
1664 4525 1778 4580 seminis

976 4622 1091 4688 accepit,
1109 4619 1189 4676 etiam
1205 4627 1303 4690 pretet·
1317 4632 1423 4687 tempus
1436 4619 1525 4672 nunus
1538 4635 1543 4669 :
1557 4619 1685 4688 quoniam
1711 4615 1778 4672 lide·

936 4689 1030 4771 Diem
1054 4715 1168 4770 credidit
1182 4727 1243 4769 csse
1258 4729 1340 4783 cum,
1366 4712 1412 4783 qui
1438 4711 1640 4780 repromiserat.
1661 4707 1777 4778 Propter

976 4807 1049 4880 quod
1062 4816 1088 4863 ct
1102 4807 1198 4863 abnuo
1219 4805 1272 4861 orti
1287 4815 1350 4862 sunt
1360 4805 1405 4876 (ct
1420 4803 1470 4859 boc
1482 4812 1624 4866 emortuo)
1638 4811 1777 4872 tamquam

976 4901 1066 4959 sideru
1083 4900 1144 4957 coeli
1162 4901 1187 4957 iu
1203 4898 1417 4967 multitudinem,
1433 4906 1461 4960 ει
1472 4897 1543 4953 sicut
1555 4909 1648 4963 arena,
1661 4909 1721 4967 quae
1735 4903 1778 4950 est

976 4995 1010 5051 ad
1026 5010 1102 5051 oram
1119 4996 1213 5062 utaris,
1228 4993 1443 5051 innumerabilis.
1464 4991 1547 5049 iuxta
1560 4989 1641 5046 idem
1656 4987 1777 5045 deiuncti

976 5099 1039 5146 sunt
1052 5103 1147 5146 onmes
1163 5088 1219 5157 isti,
1237 5103 1289 5143 uun
1309 5085 1429 5156 acceptis
1442 5079 1710 5155 repromissionibus,
1726 5079 1776 5136 sed
1805 5089 1807 5094 ·

975 5200 990 5239 a
1004 5185 1084 5253 longe
1105 5195 1151 5238 cas
1170 5181 1344 5254 aspicientes.
1359 5187 1387 5235 et
1400 5178 1559 5242 salutantes,
1574 5185 1600 5231 et
1614 5173 1778 5232 conibentes

977 5279 1040 5349 quia
1056 5275 1190 5348 peregrini
1205 5283 1233 5329 et
1255 5272 1377 5343 hospites
1399 5277 1462 5324 sunt
1486 5283 1570 5340 super
1593 5276 1703 5323 terram.
1724 5263 1778 5335 Qui

976 5371 1048 5428 enim
1066 5369 1124 5424 haec
1144 5369 1256 5432 dicunt,
1280 5361 1433 5435 siqnilioant
1449 5359 1607 5432 sopatrlaut
1629 5357 1778 5428 inquirere.

976 5463 1011 5522 Et
1026 5465 1048 5520 si
1066 5462 1177 5534 quidem
1199 5458 1284 5531 ipsius
1304 5453 1495 5512 meminissent
1515 5451 1550 5508 de
1570 5467 1622 5524 qua
1637 5451 1778 5520 exierunt,

975 5553 1115 5611 habebant
1138 5554 1228 5622 utique
1253 5558 1360 5620 tempus
1384 5545 1559 5602 revertendi:
1586 5558 1657 5600 nunc
1685 5553 1776 5599 autern

975 5647 1116 5706 meliorent
1132 5653 1274 5714 appetunt,
1290 5641 1316 5696 id
1330 5649 1383 5710 εει,
1397 5639 1549 5696 ccelestem.
1562 5635 1625 5694 ideo
1642 5651 1695 5693 uon
1709 5649 1777 5690 cou-

978 5855 1041 5900 nem
1056 5839 1146 5896 denuo
1161 5836 1233 5892 idem
1249 5847 1312 5888 cunt
1330 5829 1428 5888 Graeco
1442 5839 1543 5887 seruat.
