4017 6334
101 340 145 404 ις]
622 330 1205 409 nvuueeuuueueuunuutuoru.
1689 345 1743 414 no

101 455 340 534 coiis.[csrrrr,d.]
350 455 381 512 lu
394 453 452 528 ipsa
465 451 532 510 bora
547 451 695 512 exsultarit
708 450 811 528 Spiritu
825 467 888 510 ean·
900 451 1012 526 Apulis
1034 453 1094 526 eius
1111 454 1146 512 ad
1168 468 1231 513 eum
1246 452 1393 528 :bomine³
1410 455 1478 517 doce
1498 473 1548 520 nos
1564 475 1657 533 orare,
1672 464 1743 525 sicut

100 567 146 626 eto.
159 563 188 612 et
208 553 279 610 dixit
292 571 298 610 :
313 550 453 609 Gondteor
468 548 528 620 tibi,
542 547 634 617 Pater,
649 546 766 606 Domine
779 547 841 606 eceli
854 556 883 606 et
940 546 1036 618 docuit
1050 558 1078 605 et
1091 549 1213 608 loannes
1225 548 1378 624 discipulos
1396 565 1472 610 suos.
1488 553 1521 610 Bt
1535 555 1638 612 aitillis
1651 577 1656 611 ;
1668 557 1737 615 Cum

100 661 182 718 itm,
194 648 268 722 quoti
291 644 459 704 abscondisti
482 645 541 702 haec
563 644 772 718 asapieutibue,
784 652 811 703 et
823 659 888 717 pru·
938 643 1037 710 eratis,
1049 641 1142 713 dicite,
1158 645 1250 715 Pater,
1266 643 1454 702 sanctificetur
1467 661 1567 706 nomen
1582 657 1668 705 ttvvrur.
1684 652 1739 708 Ad·

100 742 230 811 pflugius,
245 721 274 800 θ’]
297 740 426 800 revelasti
454 753 487 796 ea
515 736 648 814 parvulis.
669 737 768 807 Etiam,
781 735 863 795 Pater
878 755 886 792 ε
938 733 1029 791 veniat
1046 749 1158 810 reguum
1173 744 1247 793 tuum
1258 746 1282 792 ι.
1295 737 1397 794 Panem
1409 747 1533 796 nostrum
1548 741 1736 816 quotidianum

100 837 220 911 quoniam
235 835 277 894 sic
296 834 400 912 placuit
422 842 484 890 ante
505 843 541 890 te.
556 831 641 906 iexrx,
654 829 695 908 5.]
707 831 804 892 Omnia
820 828 888 893 milri
938 828 1067 886 danobis
1081 829 1175 890 laodic.
1191 831 1225 888 Bt
1238 831 1345 890 dimitte
1357 833 1438 892 nobis
1451 845 1562 908 peccata
1583 849 1687 906 nostra,
1703 841 1739 898 si·

99 931 188 990 mpp,
222 939 287 990 gum
309 945 325 991 a
352 929 434 990 Patre
460 943 535 989 meo.
550 925 585 988 Et
612 943 695 988 uento
707 928 760 986 scit
773 928 834 1001 ouis
853 927 889 984 sit
938 922 1049 997 quidem
1061 933 1088 981 et
1098 923 1151 998 ipsi
1164 924 1327 986 dimittimus
1337 931 1412 988 omni
1428 930 1538 990 debenti
1552 934 1642 994 trebir.
1657 936 1690 996 Bt
1703 954 1736 996 uo

98 1030 186 1098 pitius,
201 1030 255 1088 „tsi
283 1028 382 1098 Parem
401 1036 430 1086 et
448 1027 510 1104 quis
533 1026 572 1085 sit
598 1024 690 1101 Pater,
708 1025 759 1084 nisi
787 1023 885 1092 Filius,
938 1034 989 1077 nos
1005 1019 1118 1076 inducas
1131 1021 1158 1078 in
1174 1023 1363 1082 tentationem.
1380 1025 1481 1100 icturi,
1495 1028 1551 1102 lbi
1563 1030 1597 1093 Bt
1610 1030 1647 1091 ait
1659 1031 1692 1090 ad
1704 1031 1737 1092 lt-

95 1136 118 1185 e,
133 1125 174 1184 m
194 1121 316 1184 volueri,
336 1120 423 1183 filiu,
445 1120 579 1200 ,mm
601 1121 684 1196 pm,
697 1118 745 1192 gp
767 1118 802 1178 gp
821 1134 887 1176 con·
938 1111 980 1170 los
995 1111 1080 1184 :Quis
1095 1122 1216 1173 vestrum
1232 1113 1344 1174 habebit
1358 1118 1486 1188 amicum,
1501 1129 1529 1180 ct
1551 1121 1601 1179 ibit
1615 1122 1647 1182 ad
1662 1124 1737 1187 illum

95 1230 181 1276 versus
195 1213 231 1275 ad
245 1212 394 1286 discipulos
407 1227 472 1274 euos
486 1211 556 1272 dixit
570 1228 579 1270 t
593 1211 669 1270 Beati
683 1211 767 1282 oculi,
783 1209 829 1286 qui
844 1211 885 1268 vi·
938 1205 1029 1266 media
1045 1213 1142 1278 necte,
1155 1216 1185 1265 et
1208 1207 1282 1268 dicat
1304 1211 1344 1269 illi
1362 1212 1485 1284 :Amice
1506 1218 1647 1274 commoda
1670 1220 1737 1278 milti

94 1309 149 1366 den,
162 1321 227 1380 qum
242 1321 291 1367 ωε
306 1305 416 1363 videus·
433 1305 500 1362 0500
523 1302 702 1375 enimvobis,
718 1302 791 1376 quod
807 1303 885 1362 murti
937 1302 992 1356 ires
1018 1313 1112 1372 panes,
1127 1301 1256 1374 quoniam
1276 1303 1382 1362 amicus
1396 1321 1473 1364 meus
1488 1309 1563 1366 veuit
1586 1310 1621 1370 de
1644 1313 1685 1367 via
1701 1313 1734 1370 ud

94 1401 228 1475 prophete
242 1410 271 1458 et
285 1415 364 1474 reges
375 1398 626 1461 volueruntvidcre
639 1413 759 1474 queres
773 1400 884 1470 videtis,
938 1407 992 1461 nte,
1005 1401 1033 1450 et
1054 1408 1108 1449 non
1133 1394 1221 1454 habeo
1243 1399 1317 1472 quod
1340 1416 1438 1474 ponam
1455 1413 1518 1462 autc
1534 1405 1621 1466 iilum.
1640 1407 1672 1470 iit
1688 1409 1735 1467 illo

93 1505 116 1552 et
128 1509 180 1550 nort
200 1493 340 1564 viderunt,
358 1501 385 1549 et
406 1490 500 1550 andire
523 1507 584 1566 que
603 1492 715 1564 auditis,
727 1501 754 1550 et
767 1508 821 1550 non
838 1508 886 1549 ru.
935 1485 1044 1544 deintus
1060 1488 1231 1562 respondens
1245 1491 1336 1552 dicat:
1352 1493 1411 1552 Noli
1432 1497 1497 1554 milri
1513 1500 1643 1558 inolestus
1659 1516 1731 1564 esse.

93 1590 200 1647 dmm.
216 1588 303 1662 [⁰¹¹1.
316 1585 358 1658 2⁰]
370 1585 404 1645 E,
418 1601 485 1646 ΜΘ
507 1587 618 1662 quidam
639 1587 813 1660 legisperitus
829 1601 885 1645 suf.
933 1579 990 1651 jam
1004 1580 1105 1637 ostium
1121 1582 1242 1640 clausum
1255 1595 1307 1658 eet,
1325 1596 1353 1644 ct
1371 1589 1448 1660 pueri
1473 1593 1526 1652 mei
1549 1608 1655 1652 mecum
1670 1605 1734 1654 srrrrt

93 1683 278 1741 fatigemus
289 1680 376 1748 iilum,
387 1690 415 1739 et
428 1678 690 1755 dicenstliagieter,
704 1680 768 1752 quid
782 1678 886 1736 lucion·
936 1673 963 1728 iu
977 1673 1073 1742 cubili,
1094 1688 1149 1731 non
1171 1689 1282 1750 possum
1303 1693 1426 1752 surgere,
1443 1691 1470 1738 et
1495 1684 1561 1743 dare
1586 1685 1646 1744 tibi.
1664 1687 1733 1746 Etsi

91 1775 209 1834 tonitam
224 1782 357 1833 aeternam
373 1771 536 1845 possidebol
550 1772 586 1829 dt
598 1771 644 1829 ille
657 1771 729 1828 dixit
740 1772 774 1828 ad
794 1787 880 1830 eum:
937 1762 983 1820 ille
997 1767 1217 1836 perseveraverit
1238 1769 1351 1842 prrlsane
1367 1790 1374 1828 ι
1388 1772 1449 1830 dico
1472 1777 1562 1848 voltis,
1579 1789 1607 1834 ct
1629 1779 1651 1835 si
1681 1796 1733 1838 trun

95 1871 119 1926 tn
137 1869 197 1942 iege
222 1866 289 1940 quid
309 1868 441 1938 scriptum
463 1866 523 1924 esti
534 1865 672 1938 quomodo
686 1864 771 1938 legisl
783 1865 833 1922 lite
843 1879 885 1921 re.
900 1865 925 1926 g
938 1854 1014 1912 dabit
1034 1855 1075 1913 illi
1099 1871 1215 1932 surgens
1228 1874 1262 1916 eo
1277 1860 1348 1934 qrred
1363 1863 1469 1922 eunicus
1483 1867 1543 1940 ejus
1557 1870 1604 1940 sit,
1622 1882 1735 1948 propter

90 1962 219 2036 spondens
230 1959 426 2032 dixitzbiliges
436 1957 580 2018 Dominum
593 1959 677 2017 ileum
688 1965 766 2014 tuum
781 1966 885 2017 extrito
934 1949 1140 2024 ivnprobitatem
1154 1962 1245 2012 tamen
1268 1957 1328 2030 ejus
1343 1971 1448 2037 surget,
1464 1970 1492 2022 et
1506 1962 1584 2022 dabit
1597 1965 1635 2022 illi
1654 1977 1734 2040 ‹puot-

90 2057 235 2123 cordetuo,
250 2062 324 2112 etex
334 2063 390 2110 tora
403 2053 495 2112 anima
510 2060 567 2121 tua,
582 2059 657 2110 etex
673 2051 801 2108 omnibus
814 2051 883 2108 viri·
933 2055 999 2117 quet
1022 2046 1105 2106 lrabet
1128 2051 1310 2110 necessarios.
1326 2055 1417 2128 leur,
1434 2055 1474 2128 5.]
1489 2057 1524 2114 Ει
1537 2073 1588 2130 ego
1603 2060 1666 2118 dieo
1682 2077 1731 2118 rc·

91 2150 134 2206 hus
145 2149 209 2218 ms,
228 2154 300 2207 em
315 2146 389 2202 omn,
405 2156 497 2204 ,neme
512 2154 557 2203 gu,
574 2154 623 2202 :et
636 2143 792 2218 proximum
807 2153 883 2201 tuum
934 2139 999 2196 bis:
1015 2138 1116 2212 Petite,
1132 2151 1161 2198 et
1175 2143 1285 2202 dabitur
1305 2149 1387 2206 voltis
1404 2165 1410 2204 ι
1427 2150 1553 2221 quarite,
1570 2163 1598 2210 et
1613 2151 1735 2212 invenie·

90 2243 148 2300 rien
165 2239 437 2315 resistebantque
451 2239 490 2298 tur
505 2257 511 2292 ι
526 2238 793 2314 necterespcnutsu
808 2257 815 2294 ι
829 2239 882 2297 nne
934 2231 967 2286 tis
984 2247 992 2286 τ
1009 2232 1124 2304 persae,
1138 2242 1166 2292 et
1178 2238 1317 2310 aperietur
1332 2240 1526 2300 vobis-<leuis
1541 2243 1614 2302 euim
1629 2249 1674 2320 uvi
1687 2264 1736 2324 ue·

90 2334 277 2406 lar,etvives.
294 2331 389 2406 [cxxtn
404 2331 525 2406 id.]llle
546 2339 637 2390 comm
663 2331 759 2388 volens
779 2331 881 2408 justiti.
933 2323 976 2394 tit,
1002 2325 1100 2398 accipit
1125 2343 1133 2382 ε
1156 2335 1184 2385 et
1211 2330 1257 2402 qui
1279 2332 1387 2404 quaerit,
1418 2335 1523 2392 invenit
1539 2353 1546 2394 t
1562 2349 1591 2397 et
1615 2341 1735 2415 pulsanti

89 2445 142 2486 cm
161 2429 298 2505 seipsum·
313 2425 382 2485 dm,
404 2425 438 2484 ,d
465 2426 559 2483 pesum
571 2442 580 2481 :
594 2425 628 2481 gg
653 2425 715 2498 quis
740 2432 782 2481 est
800 2439 880 2481 meus
931 2414 1079 2488 aperietur.
1095 2417 1160 2487 Quis
1172 2429 1263 2478 autem
1277 2439 1311 2478 ex
1326 2425 1403 2482 vebis
1415 2438 1521 2498 patrem
1533 2432 1601 2504 petit
1615 2447 1727 2512 pauent,

90 2521 240 2596 proximus,
259 2519 417 2592 samnia„
440 2526 531 2576 „gem
559 2518 651 2589 pegus,
675 2518 743 2575 gigig
763 2535 771 2572 ς
791 2515 881 2576 nomo
931 2509 1063 2584 numquid
1087 2511 1205 2584 lapidem
1221 2515 1297 2573 dabit
1313 2517 1371 2574 illi?
1387 2521 1442 2576 dut
1466 2523 1729 2600 piscantiumque

89 2616 187 2686 quidam
202 2611 391 2672 descendam,
404 2613 440 2672 ,b
453 2610 608 2670 ,malem
622 2610 649 2668 p„
669 2608 790 2678 perpetu),
801 2617 829 2667 et
839 2609 880 2666 tn.
930 2619 981 2676 pro
992 2605 1067 2676 pisce
1078 2620 1234 2682 serpentem
1246 2611 1321 2670 dabit
1331 2615 1455 2676 illiidut
1469 2620 1492 2676 si
1507 2622 1618 2692 petierit
1633 2639 1729 2684 ovumz

88 2711 144 2769 creti
155 2711 185 2768 ιη
204 2709 339 2776 latrones,
352 2707 399 2783 qui
411 2704 495 2764 etiam
514 2705 742 2778 despoliaverunt
753 2720 815 2764 eum
829 2723 836 2760 ι
851 2714 879 2763 er
930 2699 1064 2770 numquid
1075 2703 1200 2776 porriget
1215 2705 1256 2761 illi
1269 2708 1463 2779 scorpionemt
1479 2710 1508 2770 Si
1521 2727 1587 2789 ergo
1603 2729 1653 2774 vos
1665 2732 1729 2776 cum

87 2803 162 2876 plagis
180 2802 326 2876 imposui&
339 2799 479 2870 abimum,
493 2797 627 2857 „mffiw
644 2798 756 2856 sepem,
771 2797 878 2855 Accidit
929 2788 991 2845 sitis
1003 2789 1175 2860 mali,nostis
1190 2795 1261 2852 bona
1272 2797 1336 2854 data
1351 2799 1419 2859 dare
1430 2801 1493 2862 iliis
1505 2804 1731 2885 vestrierquanlc

87 2907 181 2964 mmm,
191 2904 220 2954 u,
234 2893 365 2955 sacerd„
375 2893 485 2968 quidam
500 2890 682 2950 descenderet
696 2891 794 2950 eadem
810 2891 875 2948 vta:
929 2883 1016 2954 uragis
1038 2881 1118 2942 Pater
1143 2897 1235 2944 vester
1249 2887 1283 2946 de
1296 2892 1366 2949 coeio
1389 2891 1466 2952 dabit
1480 2895 1606 2968 spiritum
1628 2899 1730 2963 bonum

86 3001 109 3046 ,g
119 2991 177 3048 ,550
197 2990 257 3060 1110,
274 2986 436 3062 praeterivit,
449 2987 583 3046 similiter
599 2994 626 3044 et
638 2985 746 3056 Levita,
757 3001 819 3044 cum
832 2999 877 3044 es·
929 2979 1085 3050 petentibus
1097 2983 1142 3038 se!
1157 2981 1262 3056 lerum,
1274 2981 1354 3056 5.]Ει
1364 2989 1541 3060 eratejiciens
1551 2992 1730 3068 daemonium,

86 3095 120 3140 set
135 3095 214 3140 secus
240 3081 346 3148 iocum,
366 3088 394 3136 et
407 3077 513 3138 videret
539 3093 613 3147 eum,
629 3076 788 3150 pertransiit
804 3095 811 3131 :
825 3075 876 3136 Sa·
927 3079 955 3130 el
976 3072 1118 3139 illuderet
1132 3085 1247 3134 mutum.
1266 3079 1374 3138 Etcum
1397 3083 1526 3152 eiecisset
1549 3085 1727 3170 demonium,

86 3175 227 3232 maritanas
241 3182 333 3230 autem
353 3170 464 3244 quidam
488 3169 541 3227 iter
563 3169 678 3238 iaciens,
695 3171 770 3226 venit
793 3184 874 3227 secus
927 3166 1035 3226 loeutus
1049 3175 1092 3225 est
1105 3178 1207 3242 mutus,
1219 3181 1247 3230 et
1266 3172 1410 3232 admirare
1428 3187 1492 3238 sum
1505 3180 1600 3240 turbe.
1616 3182 1730 3256 [cxxvii.

85 3285 157 3327 eum:
185 3279 212 3327 et
225 3267 323 3328 videns
343 3282 416 3335 eunt,
442 3263 628 3322 misericordia
655 3272 746 3320 motus
768 3273 823 3321 est.
840 3263 876 3320 Bt
888 3284 913 3362 c
927 3259 969 3336 ἰ]
982 3262 1099 3333 Quidam
1123 3275 1215 3324 antem
1238 3283 1274 3326 ¹ex
1298 3271 1338 3329 eis
1359 3270 1511 3332 dixerunt:
1529 3273 1556 3334 ln
1578 3275 1732 3340 Beelzebub

87 3367 242 3438 appropians
254 3361 380 3435 alligavit
392 3361 505 3418 vulnera
526 3360 595 3431 cius,
610 3357 756 3415 inlundens
769 3357 873 3430 oleum,
927 3357 1052 3434 principe
1065 3358 1265 3420 daemoniorum
1281 3364 1355 3436 ejicit
1375 3366 1523 3428 daemonia.
1544 3370 1672 3446 [cxxvrtn
1688 3374 1730 3448 5.]

86 3466 111 3515 er
123 3458 215 3519 titium
231 3476 239 3516 ;
255 3466 283 3518 et
297 3456 441 3532 imponens
460 3453 537 3511 illum
557 3451 585 3510 irr
607 3452 763 3523 jumentum
783 3465 873 3523 suum,
927 3448 962 3507 Et
973 3450 1020 3508 alii
1036 3459 1185 3523 tentantes,
1201 3454 1309 3526 signum
1326 3458 1360 3516 de
1375 3460 1448 3518 coelo
1463 3465 1623 3534 quaerebant
1637 3465 1672 3522 ab
1683 3481 1727 3524 eo.

86 3549 153 3607 duxit
166 3552 197 3608 iu
210 3548 360 3616 stabulum,
372 3557 400 3608 ei
416 3562 511 3626 curam
527 3545 586 3618 ejus
601 3543 667 3618 egit.
682 3545 716 3601 Et
727 3545 812 3601 altera
830 3544 875 3609 dic
926 3542 1032 3618 [extum
1048 3543 1089 3618 2]
1104 3544 1167 3617 lpse
1180 3553 1283 3616 aulem,
1298 3558 1327 3604 ιιι
1340 3551 1411 3608 vidit
1427 3553 1607 3624 cogitationes
1621 3572 1728 3629 eorum,

85 3643 191 3714 prorupi
213 3642 282 3701 duos
299 3639 440 3712 denarios,
454 3648 482 3698 ct
503 3639 580 3697 dedit
593 3638 755 3709 stabulario,
768 3647 796 3696 et
811 3638 872 3697 ait:
924 3635 994 3692 dixit
1014 3636 1055 3693 eis
1070 3654 1078 3696 t
1095 3633 1182 3696 Omne
1207 3653 1324 3712 regnum
1337 3640 1365 3697 in
1380 3642 1501 3716 seipsum
1517 3645 1634 3704 divisum
1650 3647 1664 3687 i
1680 3649 1730 3709 de·

85 3733 175 3792 gum,
188 3736 259 3793 pirgus
273 3734 358 3805 pape,
373 3743 401 3792 et
413 3729 607 3809 quodcumque
620 3733 872 3810 supererogaveris,
925 3729 1071 3802 solabitur,
1089 3740 1117 3788 et
1132 3731 1235 3790 domus
1249 3749 1333 3806 supra
1353 3733 1465 3792 domum
1481 3737 1571 3801 cadet.
1590 3741 1618 3800 si
1634 3751 1727 3810 autem

84 3842 129 3900 ego
141 3845 203 3888 cunr
218 3829 339 3900 rediero,
349 3828 462 3894 reddam
475 3828 533 3886 libi.
548 3828 617 3899 Quis
629 3827 727 3886 horum
740 3829 822 3885 trium
834 3827 875 3886 vi·
926 3829 954 3880 ei
968 3822 1083 3883 Similis
1104 3823 1130 3879 in
1154 3827 1276 3896 sellium
1300 3826 1406 3884 ‘filim
1421 3836 1474 3895 e⁵³·
1488 3831 1626 3908 i¹¹⁰¹¹¹⁰l¹⁰
1643 3834 1729 3906 “alili

86 3921 157 3980 dem,
181 3923 228 3982 fibi
241 3925 383 3998 ,mimus
396 3923 481 3985 fuiss,
497 3922 548 3992 5115.
568 3922 615 3996 qut
629 3923 725 3980 pnctdp
743 3923 771 3979 j„
786 3921 873 3980 tatro-
925 3931 1041 3993 reguum
1057 3916 1133 3990 ejusi
1147 3919 1209 3990 quia
1226 3918 1318 3978 dicitis
1332 3921 1361 3978 in
1382 3922 1540 3982 Beelzebub
1564 3941 1607 3984 mo
1627 3927 1727 3999 ejicere

85 4017 143 4071 „esp
156 4013 192 4072 gp
205 4015 250 4088 pig
263 4015 332 4072 digit
349 4015 412 4088 :qui
424 4016 489 4075 tecit
506 4015 723 4077 misericordiam
740 4016 767 4073 in
784 4016 872 4072 illum.
926 4008 1070 4066 daemouia.
1087 4009 1117 4070 Si
1131 4020 1221 4069 autem
1236 4028 1287 4089 ego
1300 4014 1328 4071 in
1352 4015 1508 4075 Beelzebub
1529 4018 1611 4091 ejicio
1623 4020 1727 4079 dumo-

85 4107 115 4163 E,
129 4110 165 4166 a„
178 4111 217 4166 im
231 4111 314 4186 ,esus
329 4127 336 4166 :
347 4109 435 4179 pade,
455 4120 483 4168 θ]
498 4117 527 4167 ω
547 4110 589 4169 pac
607 4111 745 4170 simfliter,
760 4110 874 4184 pactum
927 4103 970 4158 nin
988 4123 994 4158 :
1009 4102 1057 4161 lilii
1082 4105 1168 4162 vestri
1193 4105 1221 4163 in
1243 4122 1298 4181 qno
1312 4108 1442 4180 ejiciunt?
1458 4109 1523 4168 ideo
1545 4110 1598 4182 ipsi
1621 4113 1729 4185 judices

85 4211 122 4258 est
133 4213 234 4268 autem.
250 4202 318 4260 dum
340 4202 421 4274 irent,
434 4210 463 4260 et
485 4203 546 4285 ipse
559 4203 671 4269 intravit
692 4203 719 4260 in
737 4202 875 4282 quoddam
926 4197 1014 4258 vestri
1029 4208 1119 4261 erunt.
1133 4200 1221 4260 ΡΟΠΟ
1235 4199 1301 4266 ⁸15⁰
1315 4201 1400 4275 didm)
1417 4204 1465 4262 Μ
1479 4204 1560 4278 ⁰5³⁰¹⁰
1573 4206 1708 4267 doemmfi‘*
1722 4226 1729 4264 ²

85 4297 219 4357 mimirum
235 4304 283 4364 :et
296 4296 395 4359 mulier
407 4296 532 4370 quaedam
544 4296 650 4360 Martia
660 4297 782 4371 nemine,
794 4311 876 4366 ως.
927 4293 1052 4366 prolecto
1066 4293 1190 4367 pervenit
1199 4295 1227 4354 in
1242 4309 1291 4352 vos
1305 4311 1422 4370 regnum
1438 4297 1496 4356 Bel.
1511 4298 1579 4358 Cum
1593 4300 1671 4362 lortis
1683 4317 1730 4362 ar·

88 4385 122 4456 pit
130 4387 204 4446 iilum
218 4387 248 4446 in
259 4387 373 4452 domum
387 4402 464 4453 ouant
477 4407 485 4448 r
498 4398 527 4449 et
535 4387 601 4454 ionic
608 4398 667 4446 erat
677 4404 757 4453 soror
766 4390 877 4449 nomine
928 4398 1019 4450 matus
1041 4390 1163 4450 custodit
1180 4392 1386 4460 atriensium,
1401 4393 1428 4448 in
1451 4408 1519 4466 paee
1542 4403 1607 4451 sunt
1621 4411 1653 4454 ea
1669 4412 1731 4472 quat

85 4477 239 4553 litemque
249 4481 332 4540 etiam
342 4481 442 4539 sedens
451 4497 529 4540 secus
536 4482 619 4556 pedes
627 4481 878 4553 Domini,audiebat
928 4485 1062 4557 possidet.
1079 4484 1107 4544 Si
1123 4494 1216 4542 autem
1239 4485 1340 4544 iertior
1362 4499 1395 4542 eo
1418 4489 1615 4560 superveniens
1636 4490 1734 4562 vicerit

85 4573 878 4652 verbumilliusdlartltaautemsatagebatcircalreqrrons
929 4594 1014 4648 tum,
1041 4579 1170 4636 universa
1209 4593 1284 4634 erma
1319 4577 1379 4650 ejus
1415 4579 1533 4648 aulerot,
1568 4581 1596 4634 in
1631 4581 1733 4654 quibus

85 4669 270 4730 ministerium:
284 4686 346 4743 quae
357 4671 443 4739 stetit,
459 4669 1094 4752 etri121iomtrte‚nopesttlb1peonudebrt,
1110 4683 1139 4730 et
1161 4672 1248 4746 spolia
1275 4673 1335 4745 eius
1363 4671 1520 4730 distribuet.
1536 4672 1588 4742 Qui
1611 4689 1666 4732 non
1688 4683 1731 4732 est

85 4775 165 4838 ture,
179 4764 246 4844 guod
257 4765 531 4838 sorormeareliquit
541 4779 585 4824 me
597 4765 684 4823 solam
695 4763 876 4841 tministrarei
929 4783 1049 4836 meeum,
1064 4775 1217 4824 contremo
1231 4773 1274 4822 est
1288 4783 1293 4820 :
1309 4775 1336 4820 et
1349 4764 1396 4836 qui
1412 4779 1466 4822 nou
1481 4765 1586 4838 colligit
1605 4779 1725 4834 meeum,

84 4854 125 4910 die
145 4869 208 4930 ergo
218 4856 270 4926 illi,
285 4866 314 4917 ul
327 4873 371 4914 me
385 4856 506 4930 adiuvet.
522 4857 557 4922 Bt
569 4857 737 4931 respondens
750 4858 817 4917 dixit
831 4857 874 4921 illi
930 4863 1072 4940 dispergit.
1085 4863 1179 4936 iuxta,
1194 4860 1234 4937 lt]
1248 4861 1315 4920 Cutu
1325 4859 1484 4920 immundus
1497 4860 1610 4932 spiritus
1624 4862 1730 4918 exierit

86 4945 234 5017 Dominus:
250 4950 370 5024 Herilli,
385 4952 500 5022 Martha,
515 4952 629 5010 sollicita
651 4968 693 5020 os,
707 4963 734 5008 et
759 4953 878 5020 turbarit
930 4959 965 5020 de
977 4958 1098 5028 ltemirre,
1109 4956 1232 5016 ambulat
1247 4972 1298 5030 per
1313 4957 1372 5016 loea
1381 4957 1528 5030 inaquosa,
1548 4971 1673 5030 querens
1684 4970 1729 5015 re-

85 5055 145 5116 erga
161 5044 285 5116 plurima.
307 5047 394 5104 Porto
415 5064 500 5106 unum
519 5058 561 5108 eat
584 5049 779 5109 necessarium.
795 5049 879 5108 diaria
931 5056 1033 5130 quiem,
1055 5061 1082 5112 et
1104 5068 1160 5126 pon
1173 5052 1316 5110 inveniens
1328 5052 1395 5111 dicit
1410 5071 1417 5108 ε
1434 5052 1565 5119 Revertar
1580 5051 1606 5106 1¹¹
1618 5051 1729 5124 dunturp

87 5138 212 5212 eptimam
228 5152 335 5212 partem
357 5141 451 5216 elegit,
466 5160 526 5216 qua
541 5161 596 5203 non
613 5146 751 5215 auferetur
775 5149 811 5206 ab
834 5164 878 5206 ea.
933 5166 1022 5216 meam
1034 5147 1240 5210 undeexivimt
1253 5145 1442 5213 cumvenerit,
1457 5143 1733 5216 invenitcamscopii

119 5229 196 5303 [Cep.
208 5235 254 5294 ΧΙ.
269 5252 368 5306 currit,
383 5235 426 5310 5.]
438 5239 473 5296 Ει
488 5238 591 5299 iactum
607 5250 650 5300 est
663 5259 671 5297 t
686 5258 749 5308 cum
763 5255 836 5302 esset
851 5245 879 5311 iu
933 5244 1102 5314 mundatam,
1118 5251 1169 5302 ιιθ
1187 5247 1321 5298 usualem·
1334 5238 1411 5306 Tiliiss
1425 5236 1511 5306 ΜΠ,
1523 5245 1550 5292 ct
1561 5235 1674 5295 assumit
1688 5251 1732 5304 ie·

86 5325 202 5395 uuodatrt
213 5329 276 5398 loeo
288 5346 382 5400 orarit,
395 5336 563 5405 uteessavit,
578 5335 649 5394 dixit
662 5352 732 5403 unus
742 5353 779 5395 ex
795 5338 879 5404 disci·
934 5352 1007 5415 ptem
1022 5341 1089 5408 dilui
1100 5337 1214 5410 spiritus
1232 5349 1324 5399 ⁸0⁰¹¹l¹¹
1338 5333 1483 5406 ¹¹⁰‘l¹¹50‘⁰⁵
1495 5346 1536 5400 ⁵⁰·
1553 5341 1580 5388 ⁰²
1602 5331 1731 5405 ³¹¹3¹⁸⁰⁹³³i

101 5503 252 5587 'adamim
263 5515 293 5577 91
307 5508 334 5563 in
350 5507 489 5590 plerisque
505 5510 607 5570 creeris
620 5515 762 5576 codicibus
774 5519 819 5579 ιιι]
834 5534 883 5592 pp.
970 5517 1027 5576 hln
1054 5518 1169 5574 instanti
1189 5515 1322 5574 desolatur
1334 5530 1401 5591 mss.
1425 5517 1512 5574 nostri
1532 5517 1689 5590 prulcrunt,
1704 5519 1733 5578 in

85 5589 191 5647 ricopc,
207 5579 250 5644 iot
262 5579 379 5636 uoluntas
395 5591 440 5634 tuo
450 5583 517 5637 sieut
528 5585 555 5638 in
566 5584 630 5640 coelo
641 5599 664 5642 et
678 5585 704 5641 in
719 5598 797 5658 terro,
807 5615 882 5667 psen-
935 5590 1031 5648 Graeco
1046 5591 1127 5645 etiarn
1142 5599 1195 5658 est,
1211 5591 1360 5663 ἐρημοῦται.

86 5649 285 5722 θὴτωτιθῆημὰ
299 5672 358 5718 σου,
374 5654 409 5714 ὡς
423 5652 447 5708 lo
461 5657 570 5735 οὐρανῷ,
580 5661 622 5713 και
635 5659 679 5715 inl
689 5669 735 5724 τῆς
748 5671 805 5737 γῆς.
822 5665 882 5719 ilum
972 5671 983 5700 e
1012 5663 1069 5716 buo
1088 5662 1185 5716 ilerum
1208 5675 1286 5724 nise,
1311 5675 1380 5715 utrius
1393 5659 1549 5723 Vaticanus.
1565 5671 1645 5732 utqrrc
1661 5663 1732 5718 alter

86 5731 112 5772 er
125 5719 345 5790 duumss.,nnus
357 5723 513 5793 Vaticanus,
529 5731 726 5800 alterlieglntc,
740 5734 885 5804 praeierunt
936 5733 1048 5801 Reginae
1069 5732 1212 5798 vetustior,
1226 5732 1354 5786 omittunt
1374 5733 1444 5788 istud
1459 5735 1587 5796 eructem,
1604 5735 1675 5804 «priori
1691 5740 1732 5788 nst

87 5788 121 5842 dc
136 5791 210 5844 nediu
221 5793 347 5863 quetidie,
359 5809 409 5866 pro
419 5796 454 5851 dc
466 5799 538 5869 nolit
551 5797 628 5857 bodie
638 5805 747 5872 :Graece
762 5807 885 5878 plerum·
937 5815 1028 5863 tamen
1043 5803 1070 5862 in
1084 5803 1223 5878 plerisque
1236 5802 1361 5861 omnibus
1375 5803 1478 5878 Graecis
1501 5803 1587 5860 libris.

87 5873 142 5929 que
155 5870 198 5917 est
206 5865 234 5920 ri
243 5865 298 5920 aad
307 5867 415 5942 ἡμέραν.
