4017 6334
202 4119 205 4124 ·
287 4091 370 4150 omnis
385 4095 467 4141 terra.

276 335 332 395 ξπ
519 363 525 375 ·
779 327 810 390 S·
830 323 1024 388 illunolllttl
1043 323 1160 386 Dllllls
1179 321 1421 388 ulutlomlucn.
1854 325 1898 390 iii

312 450 451 524 Numquid
470 449 586 506 odirerct
603 447 650 504 tili
667 447 742 504 seder
759 445 924 520 iniquilatis,
939 445 983 518 qui
1003 445 1123 520 firmiori
1171 442 1306 517 Numquid
1321 441 1444 500 odlrmret
1456 439 1521 514 [lis.
1537 434 1636 514 aderit]
1651 439 1699 498 tibi
1706 439 1780 498 sedes
1792 439 1899 513 iniquita·

250 589 252 594 .
279 545 393 602 trierem
406 544 434 601 in
448 543 599 616 precepto?
1134 537 1169 594 tis
1179 536 1224 609 qui
1241 536 1320 608 ilngls
1331 533 1454 591 dolorem
1469 533 1496 590 in
1510 533 1665 604 prmceptoi

313 637 458 714 captatum
476 635 505 691 in
523 635 637 691 oninium
645 633 713 709 justi
728 650 738 688 .·
752 641 778 690 et
791 630 945 706 sonpuinem
956 630 1081 686 iunocen-
1168 628 1321 701 captabunt
1332 628 1359 684 in
1371 629 1487 683 oninium
1497 625 1579 698 justi:
1591 636 1618 684 el
1628 627 1780 700 sanguinem
1792 627 1901 685 innoeen-

279 745 331 790 tem
344 727 564 788 condemnabunt.
1134 733 1189 783 teni
1205 723 1438 782 condemnabunt.

313 825 349 881 iit
368 824 454 895 [netur
473 828 512 878 est
532 819 596 876 milri
614 817 744 876 Dominus
763 820 792 875 in
803 816 934 892 resupinum
948 823 994 872 :et
1009 811 1079 870 Deus
1168 816 1202 872 Et
1217 815 1303 874 laetus
1323 821 1367 871 est
1385 813 1450 871 milri
1463 813 1593 870 Dominus
1606 813 1632 870 in
1646 813 1775 887 retugium
1786 829 1793 870 :
1806 822 1832 872 et
1843 814 1901 872 Deus

280 935 351 975 meur
362 916 390 972 in
402 914 566 989 adjutorium
578 913 634 984 spei
647 929 720 968 osee.
1131 921 1209 966 meus
1221 907 1248 964 in
1259 907 1388 964 auxilium
1399 905 1458 978 spei
1472 919 1550 964 mem.

310 1009 348 1066 iit
366 1007 457 1065 reddet
478 1005 533 1062 iltis
549 1005 715 1079 iniquitatem
728 1006 867 1078 ipsorum,
887 1010 911 1056 et
931 1005 959 1057 in
971 998 1076 1055 mulitia
1164 1001 1199 1058 Et
1209 1000 1307 1058 reddet
1322 998 1331 1038 ¹
1349 999 1405 1056 illis
1428 999 1559 1057 Dominus
1577 999 1850 1072 iniquitatesipsorum
1864 1018 1869 1056 :
1882 1009 1904 1056 et

276 1117 367 1160 eornm
384 1109 398 1139 ¹
413 1099 546 1174 disperdet
566 1115 630 1171 eos,
648 1102 682 1168 pt<
697 1098 832 1169 disperdet
846 1093 930 1164 illest
947 1091 1077 1150 Dominus
1130 1097 1158 1152 in
1177 1093 1281 1152 mulitia
1293 1106 1390 1151 eorum
1403 1092 1546 1164 disperdet
1559 1091 1620 1150 illos
1642 1093 1770 1150 Dominus
1788 1094 1851 1150 Dens
1861 1106 1902 1150 no·

278 1193 461 1254 Deosnocter.
1130 1195 1198 1243 ster.

939 1277 1120 1344 PSrlLMUS
1141 1279 1255 1346 xciv.

455 1409 485 1451 -e
507 1405 575 1450 unos
588 1387 720 1449 esurierit
735 1403 786 1444 ner
800 1401 879 1443 osuio
901 1385 913 1454 ζ
1329 1383 1417 1441 lenus
1436 1397 1542 1441 crurum
1559 1398 1609 1440 resr
1628 1398 1717 1439 namn.

319 1491 428 1561 Venite,
443 1488 585 1546 mutuemus
596 1484 709 1541 Domino
720 1500 730 1539 .·
740 1481 887 1557 jutitemus
900 1476 956 1535 Deo
967 1475 1082 1534 solutari
1169 1474 1287 1544 Venite,
1303 1475 1463 1534 exultemus
1473 1473 1591 1533 Domino
1605 1491 1613 1533 ε
1625 1474 1773 1547 jubilemus
1783 1470 1834 1530 Deo
1846 1472 1906 1529 snln·

279 1597 381 1645 emero.
1134 1567 1185 1623 tari
1199 1565 1264 1639 [lic.
1282 1566 1423 1641 salvatori]
1435 1577 1542 1624 nostro.

315 1680 531 1750 Preoccupemrnr
546 1672 640 1746 sociem
651 1673 709 1745 ejus
731 1669 760 1724 in
778 1665 962 1738 confessione:
980 1676 1012 1719 ὴ
1025 1669 1049 1718 et
1065 1658 1077 1730 ζ
1171 1661 1400 1732 Pmeoecupemus
1420 1660 1517 1718 laeism
1530 1661 1590 1732 ejus
1605 1660 1633 1717 in
1648 1657 1815 1717 consessione
1829 1675 1836 1713 :
1849 1663 1872 1714 et
1884 1656 1906 1712 in

280 1775 308 1832 im
319 1770 579 1846 psalmiriuiilemus
594 1767 629 1823 ei.
1062 1813 1065 1822 ,
1135 1755 1249 1828 psalmis
1257 1753 1405 1827 jubilemus
1420 1753 1456 1810 ei.

316 1866 447 1934 Quoniam
458 1861 532 1918 Deus
544 1873 675 1931 ntupum,
697 1853 848 1921 Dominus,
873 1859 897 1909 et
910 1865 958 1908 rec
972 1861 1084 1920 ntupum
1099 1858 1121 1920 Β
1170 1847 1303 1917 Quoniam
1316 1847 1388 1904 Deus
1400 1861 1515 1920 magnus
1529 1844 1593 1919 [lic.
1608 1845 1670 1902 cdd.
1682 1843 1736 1918 est]
1751 1841 1877 1910 Dominus,
1886 1848 1908 1898 et

279 1970 458 2032 superemines
469 1953 543 2008 deos.
812 2009 824 2026 ,
1133 1955 1180 1998 rex
1190 1954 1302 2014 magnos
1312 1953 1395 2011 super
1406 1954 1502 1997 omnes
1515 1940 1594 1996 deos.

317 2050 386 2117 Quin
400 2047 427 2101 in
440 2061 519 2100 mersu
533 2043 590 2117 ejus
606 2051 618 2082 ⁰
633 2048 694 2096 runt
709 2054 798 2095 omnes
812 2038 877 2108 pnes
892 2043 1026 2092 terreret
1042 2031 1079 2087 nl·
1169 2030 1302 2101 Quoniam
1324 2045 1380 2086 non
1408 2029 1523 2101 repellet
1542 2028 1675 2085 Dominus
1703 2026 1806 2098 plebem
1826 2037 1908 2088 surm,

280 2142 406 2201 titudiner
420 2141 548 2196 montium
561 2137 646 2208 ipsius
658 2145 730 2192 runt.
1133 2127 1194 2199 nuria
1207 2126 1273 2200 [tls.
1288 2123 1427 2198 quostiam]
1443 2123 1470 2180 in
1483 2138 1565 2180 monn
1578 2122 1637 2193 ejus
1648 2121 1661 2158 ¹¹
1673 2127 1736 2176 sunt
1749 2131 1838 2176 omnes
1856 2115 1909 2172 lines

317 2235 332 2276 ἃ
349 2235 480 2304 Quoniam
500 2231 585 2301 ipsius
604 2238 642 2285 ert
662 2244 752 2299 nuere,
769 2237 795 2283 et
812 2223 939 2300 ipsesecit
951 2221 1022 2279 illud
1036 2237 1045 2278 :
1058 2227 1083 2274 et
1135 2229 1215 2276 lerroe
1230 2235 1238 2274 ε
1253 2226 1281 2274 et
1292 2216 1447 2273 altitudines
1464 2205 1597 2271 montium
1609 2214 1669 2286 ipse
1682 2210 1818 2281 conspicit.

282 2333 480 2390 rieccrumumu
494 2328 552 2397 ejus
567 2325 753 2392 [armaverunt.
1169 2311 1302 2381 Quoniam
1324 2309 1409 2380 ipsius
1428 2316 1471 2365 est
1495 2322 1582 2377 mare,
1601 2315 1629 2363 et
1649 2306 1708 2378 ipse
1730 2303 1791 2359 lecit
1804 2299 1909 2358 illud:el

321 2423 413 2478 Venite
425 2462 434 2488 ,
446 2418 600 2485 adoremur,
614 2424 639 2470 et
656 2412 841 2485 procidamus,
854 2419 867 2448 ⁰
879 2417 904 2465 et
920 2409 932 2478 ζ
950 2407 1083 2481 ploremus
1134 2405 1239 2463 aridam
1256 2403 1439 2461 fundaverunt
1453 2415 1549 2456 manus
1561 2399 1632 2470 ejus.

284 2528 345 2574 unte
359 2513 516 2580 Dominum,
531 2509 576 2577 qui
588 2506 650 2579 {ecit
662 2521 710 2562 uos
724 2503 808 2575 :quic
826 2502 883 2575 ipre
895 2509 934 2558 ert
945 2516 976 2557 ψ
988 2497 1083 2557 Domi-
1171 2499 1283 2567 llenito,
1304 2495 1467 2562 adoremus,
1492 2503 1521 2552 et
1543 2493 1718 2566 procidamus
1741 2498 1799 2546 arole
1819 2488 1891 2544 Deum
1902 2523 1908 2548 ,

282 2627 333 2667 nas
349 2611 361 2680 ζ
378 2607 448 2662 Deus
463 2613 583 2668 uestemr
1075 2662 1077 2669 Ι
1136 2591 1273 2666 ploremus
1291 2603 1383 2647 comm
1403 2587 1538 2654 Domino,
1557 2585 1602 2658 qlli
1627 2583 1692 2642 iecit
1706 2597 1756 2638 nos
1770 2599 1778 2641 r
1794 2582 1848 2652 nolo
1862 2580 1910 2650 ipso

318 2701 354 2758 m
369 2716 416 2758 nos
430 2697 543 2771 populus
561 2708 666 2766 pascue
676 2692 752 2764 ejus,
778 2699 804 2746 et
824 2704 882 2744 oeer
896 2701 988 2742 munus
1002 2685 1058 2756 ejus
1074 2699 1084 2738 .·
1134 2692 1179 2742 est
1191 2682 1323 2738 Dominus
1338 2680 1409 2736 Deus
1425 2687 1534 2747 noster,
1548 2690 1600 2734 nos
1613 2685 1704 2732 mrtem
1721 2673 1831 2748 populus
1843 2671 1911 2742 eius,

281 2799 362 2854 dedic
375 2795 396 2852 ri
410 2808 498 2852 nocem
509 2791 570 2864 ejus
584 2786 742 2854 audieritis,
762 2784 842 2841 nolite
861 2778 1084 2838 mensurnorum
1136 2783 1164 2834 et
1178 2789 1245 2832 oues
1258 2787 1366 2846 pascum
1380 2762 1450 2844 e'jns.

284 2899 382 2948 restra.-
1172 2865 1260 2924 lindie
1277 2865 1301 2922 si
1322 2879 1418 2922 rocem
1441 2875 1501 2935 epus
1521 2861 1662 2919 audieritis
1677 2877 1685 2918 ε
1698 2821 1781 2919 nolite
1798 2855 1913 2944 obdurare

320 2981 396 3039 Sicct
414 2978 442 3035 ist
462 2972 610 3032 irritatione
631 2967 775 3026 secuudum
797 2963 866 3020 diem
885 2960 1037 3018 tentationis
1058 2960 1085 3015 iu
1136 2957 1220 3020 cordi
1232 2967 1337 3018 vestro.

285 3078 398 3134 dmerto.
1173 3053 1251 3113 Sicut
1264 3051 1291 3109 in
1306 3049 1515 3109 exacerbatione
1530 3048 1682 3108 secundom
1695 3047 1766 3105 diem
1777 3041 1914 3102 tentationis
1984 3035 1985 3106 l

321 3169 371 3226 liii
384 3169 547 3224 lentuterunt
560 3174 601 3215 me
620 3164 706 3230 putrer
720 3151 817 3220 vestri,
837 3150 1011 3223 proiecerunt
1026 3144 1036 3186 ¹
1051 3160 1084 3203 -e
1137 3147 1165 3204 in
1179 3146 1309 3215 deserto,
1324 3143 1372 3202 ubl
1387 3148 1561 3200 tentaverunt
1575 3155 1620 3198 me
1639 3147 1732 3212 patres
1748 3135 1829 3196 uestri
1843 3147 1914 3207 :pm-

284 3259 699 3332 metetoiderantoperemeu.
1096 3235 1650 3315 cDarerunt,etulderuntoperameo.
1792 3300 1798 3306 Ι
1984 3305 1985 3308 ¹

322 3351 505 3425 Quadrupintu
518 3347 593 3402 currit
611 3343 726 3414 offensem
744 3339 786 3397 rui
808 3335 967 3411 penerctioui
979 3334 1040 3402 illi,
1061 3340 1084 3389 et
1173 3329 1356 3400 Quadraginta
1367 3327 1448 3384 annis
1470 3324 1610 3398 prosimus
1621 3325 1658 3380 lui
1672 3323 1835 3398 generationi
1846 3318 1914 3376 lule:

286 3448 363 3506 disi:
379 3445 489 3516 Smrper
499 3449 513 3490 t
524 3439 551 3494 m
566 3444 655 3493 emerit
667 3433 758 3490 corde.
1136 3432 1164 3483 et
1178 3423 1252 3480 diri:
1266 3420 1379 3493 Semper
1393 3419 1421 3476 lri
1435 3426 1528 3476 errant
1540 3416 1633 3474 eorde.
1984 3457 1985 3502 ἰ

322 3541 356 3596 ls't
370 3537 415 3594 irti
429 3551 481 3591 nou
493 3537 665 3604 coperuerunt
678 3526 733 3581 cius
748 3539 840 3589 meos,
863 3527 893 3576 ut
899 3519 990 3595 jurari
1004 3519 1032 3574 iu
1043 3517 1084 3574 iro
1171 3516 1225 3589 ipsi
1239 3528 1306 3572 uero
1321 3528 1377 3571 non
1391 3518 1580 3584 cognoverunt
1594 3512 1652 3566 uias
1667 3525 1759 3580 meas,
1776 3507 1867 3581 quillis
1876 3503 1915 3574 jn·

285 3650 364 3694 meo:
378 3632 402 3687 si
412 3627 553 3687 introibunt
563 3624 590 3678 in
602 3620 716 3693 requiem
730 3633 824 3673 meurrr.
1135 3607 1193 3664 rari
1209 3607 1236 3664 in
1253 3607 1293 3663 irs
1307 3619 1368 3663 rnen
1386 3621 1393 3660 a
1410 3605 1432 3661 si
1448 3603 1596 3660 introibunt
1609 3603 1636 3658 in
1652 3603 1773 3678 requiem
1787 3613 1877 3657 menn.
1984 3631 1985 3668 ,

958 3702 1140 3768 essemus
1162 3700 1258 3764 xcv.
1984 3697 1985 3760 r

287 3846 319 3892 ol-
334 3841 440 3899 Quidue
459 3835 548 3882 110!OE
566 3829 771 3876 metricanorus
783 3826 849 3869 POST
861 3822 1056 3868 dimittemus!
1072 3805 1080 3874 ἶ
1149 3817 1283 3861 CDN'HCUH
1299 3797 1308 3840 ¹
1323 3815 1414 3872 uallo,
1428 3813 1533 3864 Quluoo
1547 3815 1633 3857 onnus
1646 3809 1843 3857 AEleiCiDdTUll
1855 3804 1910 3848 POST

536 3905 672 3950 clitTchtt
682 3902 732 3944 lPSl
746 3900 838 3942 Milli·
1435 3887 1647 3929 ctDTlt’l'rt‘lttl·

1984 4015 1985 4050 l

1984 4083 1985 4116 l

323 3995 431 4054 Gentute
444 3983 697 4046 Dominoecnticum
707 3993 802 4036 ieonum
815 3991 824 4030 .·
837 3982 940 4031 contule
951 3971 1084 4038 Domino,
1173 3967 1288 4024 Cantate
1304 3964 1420 4022 Domino
1432 3965 1569 4022 canticum
1584 3980 1685 4022 novum
1696 4006 1705 4034 ,
1718 3973 1824 4021 cantate
1838 3955 1916 4018 Domi·

1138 4077 1175 4120 no
1186 4103 1193 4127 ,
1204 4059 1295 4117 omnis
1311 4069 1396 4114 terro.
1883 4099 1887 4108 ,

323 4182 432 4239 Ceumte
447 4175 577 4239 Domino,
591 4168 607 4208 ¹¹
619 4184 649 4224 »Γ
667 4176 691 4223 et
708 4164 721 4236 ζ
736 4161 876 4220 benedicite
887 4159 987 4218 nomini
1005 4159 1085 4230 ejus,
1173 4152 1288 4210 Contere
1299 4152 1434 4219 Domino,
1448 4159 1477 4210 et
1488 4151 1642 4210 benedicite
1656 4165 1756 4210 nomeu
1766 4147 1839 4221 ejus,
1860 4144 1918 4200 beot

286 4263 657 4336 coemticmdedicindiem
667 4259 784 4316 solutore
798 4260 865 4329 ejus.
1138 4247 1265 4305 nuntiate
1277 4246 1312 4304 de
1321 4245 1365 4304 dio
1378 4246 1406 4302 in
1419 4245 1491 4304 diem
1506 4247 1625 4304 salutare
1638 4247 1709 4320 ejus.
1984 4243 1985 4250 ¹

323 4383 576 4455 *impositionem
589 4377 691 4450 prioris
709 4372 784 4431 rerlsi
801 4368 930 4443 disperdet
947 4366 1089 4424 Palatinus
1145 4361 1292 4420 elesiamm
1305 4377 1368 4420 oso.
1984 4379 1985 4432 ξ

291 4478 345 4524 ms.
359 4458 439 4515 obelo
471 4461 595 4510 raenotst.
1178 4433 1292 4491 iterna
1312 4441 1372 4489 sunt
1393 4449 1497 4500 omues,
1512 4433 1663 4490 veronens.
1679 4449 1732 4490 ms.
1754 4447 1827 4504 mnne
1847 4438 1916 4496 etque

325 4534 340 4575 ¹¹
354 4531 436 4588 'iacet
452 4525 523 4582 idern
535 4538 587 4578 ms.
599 4531 750 4590 pronomen
765 4513 829 4586 ipsi.
1140 4507 1308 4577 mmnsrmus
1323 4513 1413 4562 tacent
1425 4521 1432 4561 :
1446 4505 1540 4576 legunt
1553 4521 1632 4576 porro
1644 4507 1725 4578 ipsius
1735 4515 1803 4570 sunt,
1819 4521 1861 4574 pirri
1873 4506 1917 4570 ipso
1984 4513 1985 4544 r

330 4603 405 4659 ellic
418 4612 527 4669 quoqne.
540 4602 599 4648 snm
612 4590 723 4646 ueritum
737 4587 808 4641 idern
825 4599 877 4639 ms.
894 4590 982 4649 meet,
998 4595 1089 4652 neque
1139 4577 1277 4650 conspicit.
1288 4577 1343 4633 Nee
1357 4575 1408 4648 nisi
1422 4591 1477 4631 nno
1487 4584 1567 4645 atque
1582 4579 1669 4632 allero
1682 4579 1765 4633 uerlro
1776 4577 1801 4630 in
1823 4571 1918 4645 reliquls
1984 4557 1985 4628 ἶ

292 4679 321 4736 in
335 4678 395 4744 ipso
409 4683 499 4724 tnrrren
516 4666 612 4722 Gru-en
627 4670 702 4717 testu
716 4659 843 4713 liniretur.
1140 4649 1315 4712 dissentiunt,
1331 4656 1355 4702 et
1369 4649 1472 4702 aridem
1488 4649 1583 4716 (penes
1598 4648 1741 4717 Augustino.
1757 4647 1860 4703 alrllnn
1871 4657 1917 4700 ret·
1984 4679 1985 4708 3

329 4746 343 4786 ἃ
359 4742 496 4801 immerito
507 4736 681 4793 lllnrtionaeus
692 4729 849 4785 orirerlrimn
865 4725 995 4794 Qreorriunr
1009 4722 1088 4778 olrelo
1140 4717 1209 4788 rant)
1221 4735 1312 4774 rncnus
1326 4719 1382 4790 ejus
1397 4721 1546 4787 finxerunt,
1565 4717 1657 4773 Venite
1669 4721 1819 4785 odoremus,
1834 4729 1855 4774 et
1867 4725 1918 4788 pro·
1984 4749 1985 4754 1

292 4817 479 4879 confoderat,
514 4808 588 4880 quod
622 4804 668 4859 liic
698 4803 816 4870 parlier,
852 4807 933 4868 amne
956 4793 1089 4868 superiori
1141 4801 1288 4846 sternamur·
1308 4787 1919 4862 (nrrgrrsnn.procidnmor,·tolliturenimlo-
1984 4783 1985 4786 ’

296 4889 539 4964 proximiorem,
558 4879 585 4932 in
608 4873 742 4938 llebmno,
760 4879 840 4934 ntem,
859 4867 990 4923 uttenbulo
1012 4879 1089 4921 reso·
1106 4878 1129 4938 ῃ
1143 4861 1270 4918 nonensis
1284 4860 1407 4916 Psalterli
1419 4859 1528 4926 editor,
1549 4861 1594 4931 qui
1609 4875 1669 4916 eum
1680 4875 1714 4916 eo
1728 4862 1821 4916 asserit
1841 4859 1918 4926 ningu-
1984 4871 1985 4908 l

300 4973 356 5019 nat.
373 4959 429 5014 llos
440 4947 636 5010 deamorenda
656 4943 705 5001 illa
730 4953 792 4998 notn
806 4940 949 4995 Palatinus
963 4937 1021 5008 ipso
1036 4951 1086 4990 ms.
1143 4934 1242 4986 stinnm
1263 4931 1419 4988 consentino
1431 4931 1457 4986 in
1470 4930 1615 4987 lirrcverlso
1626 4931 1636 5002 )
1649 4933 1673 4985 ei
1690 4941 1716 4986 et
1736 4932 1858 5000 ploremus
1869 4935 1919 4982 unte
1984 4925 1985 4952 ³

297 5028 460 5090 teintonu'rt:
476 5025 503 5079 in
517 5038 571 5092 qun
586 5027 717 5089 premieres
730 5009 966 5083 circumsedemus
980 5008 1086 5078 legium.
1143 5002 1305 5069 Dorrrinrrm,
1326 5003 1369 5072 qui
1391 5002 1450 5074 [erit
1469 5017 1538 5056 reos:
1554 5003 1675 5072 poloniam
1687 5003 1743 5071 ipse
1756 5014 1792 5056 est
1808 5003 1919 5056 Dominus
1984 5001 1985 5044 ἐ

332 5113 345 5142 t
365 5102 463 5164 llune,
478 5103 507 5152 et
521 5094 566 5163 qrrl
581 5089 705 5161 prouirne
722 5084 865 5154 sequitur,
889 5081 1001 5136 olseium
1017 5078 1088 5135 illem
1143 5073 1215 5129 Deus
1229 5082 1316 5128 noster
1332 5087 1341 5126 .·
1355 5083 1380 5127 et
1394 5091 1440 5128 nos
1453 5071 1539 5145 (Aug.
1558 5089 1605 5128 nos
1621 5074 1728 5142 auteur)
1746 5073 1851 5145 populus
1868 5085 1920 5143 pns-
1984 5069 1985 5098 ³

298 5189 351 5232 tus.
366 5172 436 5226 lraurl
453 5181 543 5222 tamen
555 5167 727 5222 rrrrnereete,
743 5153 856 5212 omittit.
1143 5159 1198 5198 cure
1221 5147 1299 5217 ejus,
1327 5153 1352 5198 ct
1371 5159 1429 5200 ouer
1447 5145 1479 5198 ‘iu
1502 5159 1594 5198 menits
1613 5144 1767 5215 (nrrgrrstln.
1790 5153 1859 5200 rorte
1872 5155 1920 5194 rire·
1984 5131 1985 5206 ᾖ

336 5242 452 5313 illeque
471 5238 515 5293 lrie
533 5236 602 5291 lrene
617 5232 779 5286 asteriscum
799 5223 827 5279 in
841 5220 966 5278 Palatino
979 5234 1033 5276 ms.
1046 5232 1091 5275 se-
1143 5215 1251 5286 nnrnn)
1271 5219 1338 5298 ejus.
1360 5214 1429 5272 'ium
1452 5230 1507 5270 rrrro
1524 5215 1668 5284 interiecto
1686 5229 1786 5280 rersn,
1808 5215 1877 5270 Sient
1897 5212 1920 5262 in
1984 5249 1985 5258 ,

297 5316 378 5388 quior
391 5307 613 5368 nmnostndortr.
1142 5289 1326 5341 orrrnrr'cnnone
1352 5300 1363 5341 .·
1387 5301 1441 5356 quo
1460 5286 1493 5341 de
1514 5285 1648 5342 uocabulo
1671 5285 1795 5354 superius
1814 5283 1919 5340 diuinum
1984 5321 1985 5342 2

334 5393 347 5434 c
362 5379 489 5439 lloeulnm
504 5378 547 5437 lu'.
563 5389 624 5446 qum
636 5385 725 5442 neque
738 5368 766 5424 in
776 5365 872 5423 Grreeo
885 5371 939 5428 est,
954 5369 982 5418 et
994 5361 1090 5416 snltse·
1143 5357 1177 5440 ml
1190 5356 1287 5413 Psslrn.
1303 5373 1354 5412 oxu
1369 5367 1451 5428 atnrre
1470 5357 1544 5412 alili.
1566 5355 1685 5428 Denique
1698 5357 1726 5411 in
1742 5356 1809 5425 irrue,
1831 5367 1920 5422 sermm

337 5453 392 5511 enti
402 5465 485 5507 uersu
499 5461 646 5518 pronomen
660 5457 745 5507 oreos,
758 5437 829 5496 idern
841 5449 892 5490 ms.
907 5435 1023 5504 ignorat.
1142 5430 1186 5483 esti
1195 5439 1281 5484 errent
1291 5429 1379 5484 corde.
1394 5427 1428 5482 ut
1439 5427 1490 5497 ipsi
1503 5443 1553 5482 non
1564 5439 1749 5499 coprrooerum,
1766 5437 1816 5483 etc.

335 5524 350 5564 h
369 5522 479 5580 Rectius
490 5535 552 5576 enm
569 5517 649 5574 obelo
669 5515 756 5583 ipsum
776 5519 804 5565 et
823 5505 948 5577 copulam
973 5503 1089 5559 Palotln.
1185 5498 1238 5555 1Ιιι
1252 5499 1400 5554 Veronensi
1415 5514 1465 5554 ms.
1480 5499 1617 5554 Coruicnm
1633 5500 1683 5569 ipsi
1697 5496 1783 5553 Dauid
1793 5541 1800 5564 ,
1818 5511 1874 5565 mm
1886 5503 1920 5547 tn·
1984 5531 1985 5564 3

294 5613 348 5664 ms.
363 5590 554 5668 praetermittit.
1146 5586 1209 5627 mun
1224 5571 1305 5626 rerlm
1319 5571 1429 5641 reliqum
1443 5571 1611 5641 inscriptioni
1626 5612 1633 5636 ,
1650 5581 1678 5625 nt
1689 5583 1730 5625 esi
1742 5571 1768 5625 in
1781 5568 1918 5628 Gallicano,

338 5668 347 5708 i
367 5667 513 5724 lerouens.
529 5660 614 5724 lilser,
629 5654 664 5710 Et
678 5653 767 5710 reddet
782 5652 846 5724 ipsis
862 5647 988 5704 Dominus
1001 5661 1094 5702 seerm·
1147 5649 1357 5770 Bostponuntur.
1369 5641 1398 5697 ln
1410 5650 1484 5696 teuto
1494 5641 1580 5696 altero
1593 5656 1683 5708 versu,
1697 5636 1919 5700 GerrtnteDonrine,

300 5747 360 5802 duni
373 5736 533 5807 iniquitatem
548 5733 674 5804 (llrmust.
689 5723 779 5800 opero)
794 5738 901 5790 eorum,
913 5730 937 5775 et
949 5717 1092 5775 secondum
1163 5713 1286 5769 enedicile
1295 5728 1387 5768 nornen
1397 5714 1469 5786 ejus,
1487 5711 1549 5767 ireres
1562 5713 1678 5767 nurrtiote
1690 5713 1758 5767 diens
1767 5729 1798 5767 ec
1809 5711 1848 5766 die
1857 5707 1919 5764 solu·

299 5810 427 5876 melitium
442 5820 547 5874 eoruru,
562 5808 619 5860 etc.
946 5862 952 5873 ι
974 5859 982 5872 0
1148 5787 1267 5864 lercejur
1282 5799 1292 5842 .·
1305 5783 1530 5862 quemadmodum
1545 5795 1571 5844 m
1582 5797 1666 5860 penes
1679 5782 1864 5859 Augustinum,

332 5875 560 5950 sulmontinus
572 5867 673 5937 esaion
684 5866 769 5934 editio
787 5877 830 5930 est
842 5861 1090 5936 innnotnlnnoee·
