4017 6334
225 301 279 361 asi
331 280 334 284 ’
727 300 758 360 s.
780 300 971 360 niuuouuiii
991 299 1109 360 ninius
1129 301 1369 362 niuiiorueci.
1822 304 1872 364 aas

258 417 399 474 Benedicat
413 417 461 476 titt
476 417 603 476 Dominus
616 435 648 476 ca
661 419 746 478 Sion:
759 430 784 478 et
797 422 886 495 uideas
899 423 966 479 iona
978 422 1066 488 sie-A
1113 423 1260 481 Beiiedimt
1284 433 1311 482 te
1334 423 1467 482 Dominus
1491 437 1526 484 ex
1547 424 1614 484 Sion
1629 441 1636 482 :
1652 430 1682 482 et
1699 423 1795 482 uidens
1814 439 1871 498 qum

224 509 339 568 rusatern
352 511 471 567 crinitus
484 511 573 568 dietus
586 513 645 568 uite
657 524 719 571 tua.
1081 518 1153 576 bona
1167 527 1230 575 sunt
1245 519 1272 575 in
1286 518 1437 577 Jerusalem
1448 519 1576 577 omnibus
1605 518 1704 577 diebus
1728 520 1791 578 nitu
1813 529 1873 578 tuse.

259 603 294 658 Et
306 601 395 660 rideas
406 603 595 675 fitiosptiorum
608 614 724 678 tuarrrm,
737 625 829 681 paceni
842 626 920 683 saper
931 607 1027 666 irruet.
1116 611 1151 666 iit
1163 611 1256 668 uideas
1269 610 1341 668 tilios
1355 611 1471 670 titionum
1484 622 1592 670 tuorum
1607 631 1613 669 :
1629 628 1681 686 pos
1693 625 1776 686 super
1785 613 1872 670 israel.

896 701 1056 760 PSXLiiUS
1075 701 1218 762 cxxviii.

485 808 618 852 ciurioini
632 810 767 854 aniouou.
1334 813 1467 856 ainricoii
1487 814 1624 858 uniones.

260 884 336 959 Saepe
348 897 562 960 eapupnaoeraut
574 891 860 961 neojuoentntemea,
871 889 942 945 dieat
957 904 1027 946 nune
1114 890 1193 962 Saepe
1207 900 1431 964 expugnaverunt
1450 907 1495 949 mc
1516 907 1532 948 a
1548 893 1692 964 iuventute
1714 904 1791 962 mes,
1806 889 1876 950 dicat

222 976 323 1039 irruet.
1080 980 1182 1040 ‘liiurie
1194 982 1279 1042 israel
1295 1002 1302 1045 :
1319 1000 1392 1058 sirpe
1407 996 1632 1058 expugnaverunt
1648 1001 1692 1044 me
1707 1001 1722 1043 s
1735 986 1876 1059 iuuentute

257 1076 334 1151 Saepe
347 1086 559 1151 erpnpnaoernut
581 1095 621 1135 nie
638 1096 655 1134 a
674 1079 810 1152 iuuentute
834 1095 910 1137 mea:
931 1079 1027 1136 etenira
1079 1093 1159 1148 meu,
1174 1080 1275 1136 etenim
1290 1095 1344 1136 non
1358 1087 1506 1152 potuerunt
1520 1079 1598 1138 miiii.

221 1185 275 1224 non
287 1177 426 1242 potuerant
439 1169 514 1225 initii.
1116 1171 1202 1244 Supra
1224 1171 1289 1246 [its.
1306 1172 1415 1246 Super]
1434 1173 1546 1230 dorsum
1571 1187 1661 1230 meum
1677 1172 1877 1232 iuiiriesneront

256 1273 272 1303 ¹
293 1261 385 1334 Supra
407 1264 513 1320 dorsone
536 1280 621 1320 ineam
641 1265 836 1338 satrieanernnt
856 1275 1026 1340 peccatores:
1079 1276 1259 1339 peccatores:
1276 1267 1511 1340 prolongaverunt
1523 1266 1683 1339 iniquitates
1697 1281 1770 1324 suas.

220 1357 440 1432 pratonpaoerunt
454 1359 618 1430 imquitatem
631 1375 718 1416 mani.
1116 1357 1247 1416 Dominus
1269 1360 1360 1430 iustus
1386 1358 1513 1416 concidet
1536 1361 1659 1418 ceruices
1687 1369 1877 1432 peecatorum:

256 1450 385 1506 Dominus
398 1451 484 1522 iustas
498 1452 612 1506 nouauit
632 1452 742 1509 ceruices
756 1462 920 1525 peremerunt
936 1469 946 1508 .·
960 1470 1025 1511 eon·
1079 1449 1283 1509 contundantur
1308 1460 1339 1510 et
1358 1461 1535 1510 revereantur
1562 1467 1658 1512 omnes
1685 1454 1732 1527 qui
1764 1453 1879 1512 oderunt

219 1542 364 1615 fundantur
379 1550 403 1598 et
422 1552 605 1600 connectantur
622 1553 764 1602 retrorsum
784 1564 882 1618 unitim,
900 1549 944 1620 qui
962 1548 1025 1604 ode·
1080 1545 1157 1604 Sion.

216 1643 279 1689 rant
292 1633 370 1690 sioni.
1115 1639 1198 1697 Fiant
1214 1639 1285 1698 sicut
1299 1639 1393 1700 tenum
1408 1641 1610 1714 astuciarum,
1631 1644 1704 1716 quod
1722 1645 1877 1719 priusquam

254 1726 337 1784 Ftaut
350 1729 417 1785 sient
429 1730 676 1802 tentatationum:
693 1734 764 1804 quoii
786 1734 937 1806 priusquam
956 1732 1025 1790 eset-
1038 1735 1063 1800 Β
1076 1733 1210 1790 eiciiatur
1224 1776 1232 1804 ,
1246 1719 1357 1791 arescit.

218 1821 299 1894 tatur,
317 1823 430 1880 meruit.
1111 1826 1150 1885 De
1164 1840 1219 1898 quo
1229 1829 1284 1882 iion'
1298 1824 1422 1898 impleuit
1435 1843 1544 1886 manum
1557 1843 1635 1886 sunm
1647 1829 1693 1902 qui
1708 1838 1804 1904 metet,
1829 1845 1878 1888 nec

251 1915 294 1972 De
305 1933 356 1990 quo
371 1934 424 1974 sion
436 1919 552 1992 impleuit
567 1939 673 1978 manuni
685 1939 763 1981 suani
774 1924 819 1996 qui
833 1923 925 1980 ntetit:
944 1934 968 1980 et
986 1922 1025 1978 si·
1076 1918 1168 1978 sinum
1182 1933 1261 1976 suuni
1276 1919 1322 1990 qui
1337 1920 1490 1992 manipulos
1502 1921 1624 1995 colliget.

216 2026 281 2064 sinin
295 2027 371 2066 suurn
384 2013 428 2083 qui
442 2014 591 2088 manipnlos
603 2017 713 2088 eottipit.
1114 2011 1149 2069 Et
1164 2029 1218 2069 nori
1234 2013 1366 2070 dixerunt
1375 2014 1421 2086 qui
1439 2015 1636 2086 praeteribunt,
1655 2017 1816 2076 benedictio
1828 2016 1879 2074 Do·

252 2100 289 2156 Et
302 2119 355 2160 aon
369 2103 490 2162 dicerunt
503 2107 548 2179 qui
564 2108 731 2179 preteribant
738 2126 749 2178 ,·
762 2109 904 2166 benedictio
916 2108 1024 2166 Domini
1077 2107 1143 2164 mini
1155 2121 1239 2180 supet·
1251 2122 1301 2164 vos
1314 2127 1320 2162 :
1338 2108 1528 2170 benediximus
1541 2110 1609 2188 [iis.
1619 2111 1822 2186 benedicimur}
1833 2126 1877 2170 ios

219 2209 300 2266 super
311 2211 375 2252 ros:
391 2197 567 2255 benedicimus
577 2199 648 2254 ooiis
660 2201 689 2256 in
701 2202 805 2259 ironiae
817 2201 936 2260 Danrini.
1078 2197 1104 2257 iii
1119 2201 1230 2260 nomine
1240 2200 1360 2260 Domini.

911 2291 1071 2352 ustinus
1090 2293 1209 2352 CXXIX.

474 2396 608 2440 cenricoii
622 2399 761 2444 onioooii,
1333 2401 1468 2448 ciuriouit
1484 2406 1622 2451 suinuou.

253 2467 295 2527 De
316 2471 452 2545 propnndis
481 2474 592 2532 cianiaoi
605 2477 640 2532 ori
655 2486 699 2547 te,
714 2475 825 2535 Domine
843 2495 853 2535 .·
870 2477 990 2552 Domine,
1006 2479 1022 2520 ¹³
1114 2477 1154 2537 De
1168 2477 1309 2552 profundis
1328 2483 1443 2540 clamavi
1460 2484 1495 2542 ad
1511 2496 1557 2557 te,
1578 2485 1715 2546 Mutine:
1738 2485 1877 2564 Domine,

217 2564 315 2620 eraudi
336 2581 422 2621 nocens
433 2583 528 2623 nicam.
1080 2573 1180 2631 exaudi
1192 2575 1343 2633 orationem
1357 2592 1456 2634 meum.

255 2657 337 2716 Fiant
349 2674 425 2718 aures
440 2672 493 2718 tua
505 2663 708 2724 intendentesin
727 2679 815 2723 nocem
832 2667 1022 2739 deprecationis
1111 2669 1191 2727 Fiant
1203 2685 1286 2728 aures
1299 2681 1354 2730 tiae
1375 2673 1550 2736 intendentes
1561 2676 1590 2736 iii
1607 2677 1785 2740 ⁰orationem
1804 2653 1876 2740 serni

180 2804 182 2807 .
217 2769 292 2812 mere.
1076 2764 1127 2821 toi.

253 2848 286 2906 st
298 2849 447 2923 iniquitates
466 2851 654 2910 oiseinooerir:
672 2851 802 2911 Domine:
823 2853 944 2924 Domine,
963 2855 1058 2970 quisC
1111 2857 1139 2915 Si
1163 2857 1321 2931 iniquitates
1346 2860 1555 2937 observaveris,
1580 2863 1693 2923 Domine
1709 2883 1716 2920 :
1735 2863 1876 2935 Domine,

217 2943 375 3000 sustinetitt
1072 2949 1135 3024 quis
1150 2953 1316 3011 sustinebiii

258 3039 333 3126 θρίω.
341 3041 414 3112 opud
426 3049 451 3096 te
469 3042 620 3115 propitiatio
629 3051 686 3100 est:
702 3051 725 3099 et
739 3051 844 3115 propter
856 3041 937 3117 teprm
947 3053 1020 3102 tuam
1110 3042 1179 3112 Quia
1202 3045 1273 3115 apud
1300 3055 1327 3104 te
1348 3047 1505 3122 propitiatio
1524 3056 1587 3106 est:
1601 3056 1629 3107 et
1650 3057 1763 3124 proptor
1787 3050 1878 3125 legem

221 3120 332 3168 “itum
348 3122 387 3183 te,
403 3113 526 3168 ”miiit-
1074 3145 1148 3194 tuam
1161 3137 1278 3194 sustinui
1294 3150 1320 3196 te
1335 3182 1345 3211 ,
1362 3139 1488 3200 Domine.

252 3199 384 3260 sarman
396 3206 485 3260 “tima
498 3220 555 3261 med
566 3205 595 3262 51¹
609 3204 686 3262 witi
703 3209 782 3281 ‘5¹0²
800 3209 911 3282 timii
929 3209 1020 3265 “Dima
1108 3227 1244 3286 Sustinuit
1253 3232 1343 3289 enims
1356 3249 1417 3291 mea
1429 3235 1544 3294 uerbum
1555 3244 1629 3294 tuum
1639 3255 1647 3294 s
1657 3237 1777 3311 sperarit
1787 3238 1878 3296 anima

219 3297 320 3354 meniu
336 3296 461 3354 Domino.
1075 3321 1315 3381 mesinDouiiiio.

253 3390 407 3446 denotatio
420 3393 547 3448 niatnti'na
561 3409 642 3466 asqiu
654 3393 689 3451 od
701 3402 815 3468 noctem,
833 3406 917 3468 speret
935 3393 1021 3454 israet
1112 3411 1136 3470 Α
1159 3415 1284 3472 custodia
1310 3417 1445 3476 masmine
1466 3434 1553 3494 usque
1579 3419 1614 3478 ad
1633 3430 1763 3493 noctem,
1785 3429 1881 3496 speret

216 3481 246 3538 in
262 3481 383 3542 Domino.
1076 3505 1160 3564 lsriei
1182 3508 1208 3564 in
1225 3508 1349 3568 Domino.

253 3574 324 3643 Quia
338 3575 410 3649 “vid
424 3575 566 3636 Dtmfmtm
580 3580 780 3640 mi'oeifitidt'ii
795 3591 819 3640 θ’
832 3582 938 3656 ⁶0t’1‘0ii
948 3585 1022 3658 “tid
1111 3601 1179 3670 Quin
1194 3602 1265 3675 apud
1281 3603 1425 3661 Dominum
1439 3602 1634 3666 misericordia
1648 3599 1749 3664 eoiret
1765 3605 1881 3680 eopiosa

216 3669 444 3746 eomredenrprio.
630 3679 634 3686 ‘
1076 3692 1147 3766 apud
1163 3707 1227 3751 eum
1240 3693 1406 3767 redemptio.

222 3842 225 3847 Α
254 3759 291 3815 iit
304 3761 360 3834 ipse
371 3763 479 3822 redimet
489 3765 584 3840 irruet,
596 3784 628 3826 aa
638 3768 1018 3846 omniiusiniqeitatiinsejiu.
1116 3789 1149 3844 Di
1165 3787 1225 3860 ipsc
1238 3788 1356 3846 redimet
1371 3788 1473 3861 lsrael,
1492 3804 1526 3848 ex
1546 3791 1673 3850 omnibus
1691 3791 1883 3865 iniquitatibus

1074 3893 1143 3948 eius.

892 3956 1060 4042 PSALMUS·
1072 3968 1181 4029 CXXX.

388 4058 686 4104 numerisrumeris
703 4063 734 4106 ψ
750 4065 830 4107 nisio
847 4051 859 4123 ζ
1324 4081 1457 4127 einricus
1481 4069 1643 4128 oniouus.i

255 4137 378 4210 Domine,
393 4157 447 4196 non
460 4149 498 4197 est
510 4142 653 4198 eeattotnnt
672 4159 716 4200 eor
735 4159 843 4202 muni:
860 4161 943 4219 neque
962 4152 1027 4211 etati
1115 4157 1248 4228 Domine,
1273 4174 1328 4218 non
1347 4173 1390 4219 ost
1413 4163 1561 4222 exolutum
1584 4179 1633 4223 cor
1661 4179 1753 4224 meum
1769 4182 1777 4223 :
1791 4183 1882 4242 nequo

188 4285 193 4291 .
221 4241 282 4288 sunt
295 4229 365 4288 osuii
378 4234 439 4289 mei.
1079 4248 1145 4309 eloti
1158 4262 1221 4310 sunt
1235 4253 1309 4311 ocuti
1324 4255 1389 4311 mei.

240 4372 272 4448 ι’
289 4364 317 4419 in
328 4361 417 4446 Dolet.
436 4379 489 4421 ms.
508 4362 606 4437 Super.
623 4367 743 4452 incujos
759 4372 813 4430 dne
827 4375 955 4462 uersiculi
975 4382 1026 4439 od·
1037 4385 1066 4448 l)
1077 4387 1200 4445 diuorum
1215 4398 1374 4447 transeunter
1390 4391 1514 4465 (August.
1537 4392 1613 4452 addit
1630 4395 1710 4469 niam)
1729 4397 1882 4458 Beiirriietio

221 4435 296 4490 iiiior
309 4432 475 4504 Drapsainia.
495 4434 563 4492 Tum
586 4441 714 4521 quaeritet,
731 4458 781 4517 pro
802 4447 916 4503 conata
938 4452 1023 4524 iepit:
1076 4459 1194 4528 Domini,
1210 4471 1265 4518 etc.

222 4507 294 4588 unde
308 4514 336 4590 et
348 4521 408 4588 quie
422 4515 573 4588 sequuntur
591 4525 617 4564 in
634 4513 726 4595 inituro
740 4517 850 4599 sequior
864 4535 961 4603 maniis
976 4541 1023 4582 re·
1116 4543 1127 4571 s
1144 4532 1225 4588 Sotos
1241 4533 1380 4590 Veroiiens
1392 4551 1456 4604 ms,
1470 4539 1497 4592 in
1510 4555 1597 4595 norem
1610 4543 1794 4598 itinerationis
1804 4561 1878 4611 nna,

221 4584 342 4647 scripsit,
357 4576 484 4650 enipieiit,
499 4588 585 4650 metet,
602 4582 716 4657 coiiipet,
731 4602 781 4657 pro
793 4588 919 4662 impleuit,
938 4598 1022 4669 metit,
1076 4611 1114 4672 et,
1132 4606 1189 4675 quis
1204 4605 1342 4660 toteraiiti
1356 4607 1485 4672 Quoniam
1497 4613 1569 4679 apori
1583 4619 1616 4677 te,
1631 4623 1684 4668 ete.
1702 4613 1806 4670 Deinde
1817 4631 1880 4672 cuin

223 4661 276 4704 ⁰¹⁰·
398 4719 427 4732 ‚‚
524 4720 531 4734 ,
630 4725 658 4738 ,,
771 4728 778 4742 ,
1075 4674 1238 4745 Augustino,
1264 4676 1395 4733 Sustinuit
1416 4681 1505 4735 atiinia
1524 4685 1582 4736 ntea
1606 4686 1632 4739 in
1657 4684 1761 4739 renuunt
1784 4695 1882 4742 tirreni:

225 4790 232 4804 .
257 4717 446 4788 oPrmpositio
457 4720 532 4778 uerbi
543 4724 637 4780 weride
651 4741 678 4781 m
692 4725 818 4814 Palatino
830 4747 883 4788 ms.
897 4735 932 4794 de
945 4753 1024 4798 nioro
1077 4747 1188 4812 sperauit
1211 4749 1299 4804 eninm
1321 4765 1378 4804 ntea
1399 4751 1427 4804 in
1442 4749 1593 4808 Dominari.
1611 4756 1633 4810 A
1647 4755 1737 4826 cipitia
1750 4760 1881 4813 matutino

221 4790 371 4861 jugulatur.
387 4790 481 4846 Altero
492 4792 527 4847 ab
538 4793 591 4850 iioc
602 4812 682 4852 uersu
693 4801 902 4864 secundiseuris
918 4812 1025 4880 reposi·
1076 4833 1157 4884 oseriae
1174 4817 1208 4872 ad
1225 4827 1336 4888 nortem,
1353 4837 1369 4874 a
1384 4822 1472 4894 cipitia
1492 4826 1622 4880 nmtutinn
1641 4835 1723 4899 speret
1746 4825 1834 4884 iamet
1852 4831 1880 4884 in

223 4873 281 4944 tuni
294 4871 336 4916 est
348 4861 504 4928 obseruatis,
516 4878 566 4934 pro
578 4867 750 4953 obseruaueris
760 4875 955 4956 {subsequenti
968 4883 1025 4939 aiio
1077 4886 1229 4946 Dominum.
1246 4889 1377 4958 Quoniam
1393 4893 1464 4962 apud
1485 4894 1625 4952 Dominum
1644 4899 1834 4964 misericordia,
1856 4909 1880 4955 et

224 4943 354 4987 reticetur
368 4941 392 4987 et
413 4935 509 5003 eoputu
528 4953 535 4991 s
557 4935 675 5007 denique
695 4942 749 4996 aiio
771 4951 924 5016 insequenti
949 4954 1026 5019 prior
1077 4957 1242 5032 muitaapud
1256 4961 1331 5016 itiam
1344 4963 1493 5036 redemptio.

222 5003 251 5056 in
264 5003 420 5091 prepositio
440 5004 520 5087 otreio
543 5018 722 5092 praenotetur,
747 5019 976 5083 quemadmodum
996 5033 1027 5080 et
1115 5029 1223 5086 snstitit
1238 5032 1402 5090 Veronensis
1414 5035 1539 5093 i’saiterii
1555 5038 1645 5096 editor
1659 5040 1692 5094 sd
1713 5040 1818 5098 codicis
1837 5043 1880 5098 sui

224 5076 415 5142 penestarum
426 5092 515 5130 aiiinia
528 5083 624 5144 ntea-2·
643 5098 671 5137 en
683 5082 759 5137 aerio
769 5088 847 5157 ejus:
863 5089 935 5147 iisud
948 5095 1026 5166 equi·
1078 5099 1159 5157 iidem
1171 5102 1229 5174 Ipsi
1244 5102 1349 5161 Dauid:
1365 5106 1390 5160 in
1406 5107 1525 5164 suiinern
1541 5119 1631 5167 autem
1647 5111 1684 5168 ibi
1706 5113 1883 5168 annotation-

224 5145 384 5202 defflficoe·
468 5217 516 5230 ,,
728 5226 734 5239 ,
888 5232 894 5245 ⁸
1078 5173 1420 5246 coianepotiliudipsum
1437 5177 1524 5234 Dauid
1546 5196 1646 5238 nomen
1666 5184 1693 5237 in
1715 5197 1748 5238 eo
1772 5184 1881 5240 treberi.

222 5289 229 5301 .
261 5216 381 5299 riteque
393 5223 517 5275 asterisci
533 5229 607 5288 nou,
623 5237 713 5294 neque
727 5239 814 5296 ipsum
827 5228 913 5288 Dauid
923 5250 1026 5295 nomen
1079 5245 1164 5299 Porro
1177 5244 1204 5301 in
1220 5255 1297 5301 tertii
1313 5245 1399 5304 ierme
1420 5265 1482 5306 cuin
1505 5253 1655 5324 trigemino
1673 5268 1724 5310 ins.
1749 5257 1883 5325 usquein

221 5303 251 5343 iii
263 5286 387 5376 Paiutiijo
401 5295 449 5371 ost·
456 5303 509 5346 ms.
524 5288 555 5374 iii
568 5302 700 5350 contextu
716 5307 808 5354 autem
822 5313 919 5370 quarto
938 5311 1026 5364 rarsi·
1079 5313 1727 5398 aitumetroati(manetediiorieqeniiiimetnti)
1740 5325 1885 5381 suntoculi

223 5359 286 5466 cnido
297 5358 384 5417 aerior
394 5356 508 5438 degitur,
522 5361 599 5419 Sicut
611 5364 767 5423 aiiauotuni
778 5384 1025 5451 superintensio.
1079 5385 1139 5440 mei.
1155 5385 1247 5459 Neque
1259 5389 1452 5460 inpressussuni
1463 5393 1491 5447 in
1503 5397 1616 5466 niaqnis,
1630 5403 1684 5452 etc.
1693 5396 1782 5467 Atque
1792 5397 1884 5454 altero

289 5428 454 5510 Augustusne
468 5440 497 5486 et
509 5429 657 5494 veronens.
676 5453 728 5494 ms.
755 5439 824 5527 dfcat
840 5460 900 5529 aero
921 5447 1027 5508 terant:
1079 5458 1115 5512 so
1129 5457 1181 5512 iioe
1195 5473 1287 5525 uersu,
1305 5461 1521 5528 quemadmodum
1534 5468 1578 5537 qai
1601 5467 1701 5522 otiatus
1720 5477 1758 5522 est
1780 5485 1796 5521 o
1817 5469 1886 5522 tacte

224 5509 252 5557 et
262 5500 439 5580 srilisequeuti
450 5513 528 5555 uerso
542 5520 549 5557 :
562 5507 637 5579 ionpe
647 5508 762 5578 fecerant
772 5524 929 5586 injustitiam
938 5536 1025 5578 suarm
1079 5541 1161 5598 super
1175 5541 1282 5585 mairem
1295 5547 1379 5598 suom,
1394 5534 1432 5588 sic
1446 5536 1580 5591 retributio
1596 5538 1623 5591 in
1637 5540 1724 5592 ariinia
1741 5555 1808 5607 urea,
1826 5541 1883 5608 rei,

224 5585 257 5627 ae
271 5568 382 5630 deinde,
400 5571 593 5640 contundantur
608 5588 632 5632 et
651 5592 799 5638 euertuntur
812 5597 955 5646 retrorsum
968 5609 1025 5649 oni·
1080 5600 1196 5653 oninintn
1210 5616 1303 5655 nisam.
1313 5603 1405 5670 Sperat
1417 5602 1501 5660 irruet
1513 5606 1687 5664 inDominum
1698 5626 1731 5664 ea
1740 5612 1787 5664 troc
1799 5627 1883 5677 niiiic,

225 5657 282 5707 ner,
296 5647 351 5694 etc.
363 5635 444 5720 Fiant
458 5642 524 5697 sicat
541 5649 628 5714 penam
642 5661 775 5735 tactprum,
787 5658 861 5739 'quod
875 5663 1026 5734 priusquam
1080 5683 1133 5738 qus
1150 5679 1285 5739 postrema
1301 5689 1353 5731 urin
1367 5678 1463 5733 uocuiu
1478 5673 1659 5750 pretermissa
1677 5683 1712 5737 att
1727 5683 1883 5756 niiqiistintt

224 5711 361 5773 recitatur,
380 5718 460 5766 acuit.
484 5711 523 5768 De
543 5732 668 5786 quonian
688 5723 803 5791 impleuit
825 5746 932 5787 manuni
950 5753 1026 5794 snam
1081 5739 1291 5802 couessutooit.

225 5795 334 5850 memor,
347 5788 373 5837 it
384 5783 468 5841 siriani
483 5800 557 5844 muni
572 5791 617 5862 qni
630 5795 777 5867 maniputos
791 5799 901 5875 eottiqit,
916 5804 952 5866 iit
973 5824 1026 5873 aaa
