<?xml version="1.0" encoding="UTF-8"?>
<!DOCTYPE html PUBLIC "-//W3C//DTD XHTML 1.0 Transitional//EN"
    "http://www.w3.org/TR/xhtml1/DTD/xhtml1-transitional.dtd">
<html xmlns="http://www.w3.org/1999/xhtml" xml:lang="en" lang="en">
 <head>
  <title>
</title>
<meta http-equiv="Content-Type" content="text/html;charset=utf-8" />
  <meta name='ocr-system' content='tesseract 3.04.00' />
  <meta name='ocr-capabilities' content='ocr_page ocr_carea ocr_par ocr_line ocrx_word'/>
</head>
<body>
  <div class='ocr_page' id='page_1' title='image "./patrologiaecurs140migngoog_0131.png"; bbox 0 0 4017 6334; ppageno 0'>
   <div class='ocr_carea' id='block_1_1' title="bbox 103 329 1733 406">
    <p class='ocr_par' dir='ltr' id='par_1_1' title="bbox 103 329 1733 406">
     <span class='ocr_line' id='line_1_1' title="bbox 103 329 1733 406; baseline -0.002 -10"><span class='ocrx_word' id='word_1_1' title='bbox 103 345 150 406; x_wconf 72' lang='lat'>235</span> <span class='ocrx_word' id='word_1_2' title='bbox 738 334 844 395; x_wconf 79' lang='lat' dir='ltr'>LlBER</span> <span class='ocrx_word' id='word_1_3' title='bbox 863 329 1087 396; x_wconf 66' lang='lat' dir='ltr'>multitud.</span> <span class='ocrx_word' id='word_1_4' title='bbox 1677 329 1733 394; x_wconf 71' lang='lat' dir='ltr'>let</span> 
     </span>
    </p>
   </div>
   <div class='ocr_carea' id='block_1_2' title="bbox 99 443 1738 1549">
    <p class='ocr_par' dir='ltr' id='par_1_2' title="bbox 99 443 1738 1549">
     <span class='ocr_line' id='line_1_2' title="bbox 102 443 1696 530; baseline -0.01 -10"><span class='ocrx_word' id='word_1_5' title='bbox 102 463 189 521; x_wconf 82' lang='lat' dir='ltr'>uultum</span> <span class='ocrx_word' id='word_1_6' title='bbox 204 471 278 517; x_wconf 77' lang='lat' dir='ltr'>muns</span> <span class='ocrx_word' id='word_1_7' title='bbox 298 471 376 530; x_wconf 82' lang='lat' dir='ltr'>super</span> <span class='ocrx_word' id='word_1_8' title='bbox 397 469 462 524; x_wconf 80' lang='lat' dir='ltr'>nos.</span> <span class='ocrx_word' id='word_1_9' title='bbox 484 466 515 512; x_wconf 77' lang='lat' dir='ltr'>-e</span> <span class='ocrx_word' id='word_1_10' title='bbox 533 459 559 509; x_wconf 84' lang='lat' dir='ltr'>ct</span> <span class='ocrx_word' id='word_1_11' title='bbox 580 450 761 510; x_wconf 70' lang='lat' dir='ltr'>&#39;maereamr</span> <span class='ocrx_word' id='word_1_12' title='bbox 775 452 857 509; x_wconf 80' lang='lat' dir='ltr'>rsastri</span> <span class='ocrx_word' id='word_1_13' title='bbox 872 451 883 524; x_wconf 71' lang='grc' dir='ltr'>ζ</span> <span class='ocrx_word' id='word_1_14' title='bbox 898 461 926 523; x_wconf 71' lang='grc' dir='ltr'><strong>Α</strong></span> <span class='ocrx_word' id='word_1_15' title='bbox 940 459 984 507; x_wconf 88' lang='lat' dir='ltr'>nel</span> <span class='ocrx_word' id='word_1_16' title='bbox 1001 448 1105 508; x_wconf 87' lang='lat' dir='ltr'>ruitum</span> <span class='ocrx_word' id='word_1_17' title='bbox 1119 463 1199 506; x_wconf 85' lang='lat' dir='ltr'>suum</span> <span class='ocrx_word' id='word_1_18' title='bbox 1216 460 1299 520; x_wconf 89' lang='lat' dir='ltr'>super</span> <span class='ocrx_word' id='word_1_19' title='bbox 1315 460 1376 518; x_wconf 88' lang='lat' dir='ltr'>nos,</span> <span class='ocrx_word' id='word_1_20' title='bbox 1391 455 1420 505; x_wconf 90' lang='lat' dir='ltr'>et</span> <span class='ocrx_word' id='word_1_21' title='bbox 1432 443 1594 504; x_wconf 90' lang='lat' dir='ltr'>misereatur</span> <span class='ocrx_word' id='word_1_22' title='bbox 1608 446 1696 504; x_wconf 88' lang='lat' dir='ltr'>nobis.</span> 
     </span>
     <span class='ocr_line' id='line_1_3' title="bbox 99 541 1734 616; baseline -0.008 -2"><span class='ocrx_word' id='word_1_23' title='bbox 99 558 254 615; x_wconf 76' lang='lat' dir='ltr'>-bssrssrun</span> <span class='ocrx_word' id='word_1_24' title='bbox 973 544 1219 616; x_wconf 76' lang='lat' dir='ltr'>llteognoscamus</span> <span class='ocrx_word' id='word_1_25' title='bbox 1234 543 1261 600; x_wconf 92' lang='lat' dir='ltr'>io</span> <span class='ocrx_word' id='word_1_26' title='bbox 1277 551 1349 600; x_wconf 88' lang='lat' dir='ltr'>terra</span> <span class='ocrx_word' id='word_1_27' title='bbox 1363 541 1436 599; x_wconf 85' lang='lat' dir='ltr'>uiam</span> <span class='ocrx_word' id='word_1_28' title='bbox 1453 552 1527 599; x_wconf 87' lang='lat' dir='ltr'>tuam</span> <span class='ocrx_word' id='word_1_29' title='bbox 1543 557 1551 598; x_wconf 80' lang='lat' dir='ltr'>e</span> <span class='ocrx_word' id='word_1_30' title='bbox 1568 541 1595 598; x_wconf 92' lang='lat' dir='ltr'>in</span> <span class='ocrx_word' id='word_1_31' title='bbox 1605 542 1734 601; x_wconf 79' lang='lat' dir='ltr'>ominbus</span> 
     </span>
     <span class='ocr_line' id='line_1_4' title="bbox 135 638 1295 719; baseline -0.01 -15"><span class='ocrx_word' id='word_1_32' title='bbox 135 649 165 704; x_wconf 91' lang='lat' dir='ltr'>llt</span> <span class='ocrx_word' id='word_1_33' title='bbox 185 659 364 719; x_wconf 81' lang='lat' dir='ltr'>copnnseamus</span> <span class='ocrx_word' id='word_1_34' title='bbox 381 643 410 699; x_wconf 90' lang='lat' dir='ltr'>in</span> <span class='ocrx_word' id='word_1_35' title='bbox 429 641 586 700; x_wconf 81' lang='lat' dir='ltr'>terraniano</span> <span class='ocrx_word' id='word_1_36' title='bbox 606 651 677 698; x_wconf 88' lang='lat' dir='ltr'>tuam</span> <span class='ocrx_word' id='word_1_37' title='bbox 693 641 746 700; x_wconf 82' lang='lat' dir='ltr'>:in</span> <span class='ocrx_word' id='word_1_38' title='bbox 767 639 886 698; x_wconf 83' lang='lat' dir='ltr'>omnibus</span> <span class='ocrx_word' id='word_1_39' title='bbox 936 638 1064 712; x_wconf 79' lang='lat' dir='ltr'>pentibus</span> <span class='ocrx_word' id='word_1_40' title='bbox 1075 639 1196 695; x_wconf 88' lang='lat' dir='ltr'>salutare</span> <span class='ocrx_word' id='word_1_41' title='bbox 1209 645 1295 694; x_wconf 89' lang='lat' dir='ltr'>tuum.</span> 
     </span>
     <span class='ocr_line' id='line_1_5' title="bbox 102 727 1732 816; baseline -0.004 -23"><span class='ocrx_word' id='word_1_42' title='bbox 102 737 206 816; x_wconf 65' lang='lat' dir='ltr'>mutilus</span> <span class='ocrx_word' id='word_1_43' title='bbox 221 735 336 792; x_wconf 86' lang='lat' dir='ltr'>salutare</span> <span class='ocrx_word' id='word_1_44' title='bbox 349 743 433 790; x_wconf 90' lang='lat' dir='ltr'>tuum.</span> <span class='ocrx_word' id='word_1_45' title='bbox 972 730 1162 788; x_wconf 81' lang='lat' dir='ltr'>conticeantur</span> <span class='ocrx_word' id='word_1_46' title='bbox 1180 728 1228 787; x_wconf 91' lang='lat' dir='ltr'>tibi</span> <span class='ocrx_word' id='word_1_47' title='bbox 1243 729 1352 804; x_wconf 82' lang='lat' dir='ltr'>populi,</span> <span class='ocrx_word' id='word_1_48' title='bbox 1370 729 1441 788; x_wconf 85' lang='lat' dir='ltr'>beas</span> <span class='ocrx_word' id='word_1_49' title='bbox 1457 743 1465 786; x_wconf 81' lang='grc' dir='ltr'>ι</span> <span class='ocrx_word' id='word_1_50' title='bbox 1481 727 1663 787; x_wconf 86' lang='lat' dir='ltr'>confiteantur</span> <span class='ocrx_word' id='word_1_51' title='bbox 1683 727 1732 787; x_wconf 90' lang='lat' dir='ltr'>tibi</span> 
     </span>
     <span class='ocr_line' id='line_1_6' title="bbox 132 822 1151 901; baseline -0.006 -14"><span class='ocrx_word' id='word_1_52' title='bbox 132 830 303 900; x_wconf 79' lang='lat' dir='ltr'>donliteantus</span> <span class='ocrx_word' id='word_1_53' title='bbox 326 827 372 884; x_wconf 81' lang='lat' dir='ltr'>tibi</span> <span class='ocrx_word' id='word_1_54' title='bbox 393 826 503 901; x_wconf 88' lang='lat' dir='ltr'>populi,</span> <span class='ocrx_word' id='word_1_55' title='bbox 526 824 624 884; x_wconf 82' lang='lat' dir='ltr'>Deus:</span> <span class='ocrx_word' id='word_1_56' title='bbox 649 825 821 898; x_wconf 68' lang='lat' dir='ltr'>confiteantur</span> <span class='ocrx_word' id='word_1_57' title='bbox 837 822 885 881; x_wconf 85' lang='lat' dir='ltr'>sili</span> <span class='ocrx_word' id='word_1_58' title='bbox 937 825 1030 900; x_wconf 85' lang='lat' dir='ltr'>populi</span> <span class='ocrx_word' id='word_1_59' title='bbox 1043 839 1151 883; x_wconf 87' lang='lat' dir='ltr'>omnes.</span> 
     </span>
     <span class='ocr_line' id='line_1_7' title="bbox 102 915 1729 998; baseline -0.004 -20"><span class='ocrx_word' id='word_1_60' title='bbox 102 923 179 998; x_wconf 76' lang='lat' dir='ltr'>papuli</span> <span class='ocrx_word' id='word_1_61' title='bbox 191 937 286 978; x_wconf 81' lang='lat' dir='ltr'>amnes.</span> <span class='ocrx_word' id='word_1_62' title='bbox 971 919 1112 977; x_wconf 81' lang='lat' dir='ltr'>Laetantur</span> <span class='ocrx_word' id='word_1_63' title='bbox 1134 926 1163 976; x_wconf 90' lang='lat' dir='ltr'>et</span> <span class='ocrx_word' id='word_1_64' title='bbox 1180 916 1318 976; x_wconf 82' lang='lat' dir='ltr'>exsultent</span> <span class='ocrx_word' id='word_1_65' title='bbox 1337 924 1432 990; x_wconf 74' lang='lat' dir='ltr'>gentes</span> <span class='ocrx_word' id='word_1_66' title='bbox 1454 933 1462 974; x_wconf 84' lang='grc' dir='ltr'>ι</span> <span class='ocrx_word' id='word_1_67' title='bbox 1481 916 1607 988; x_wconf 75' lang='lat' dir='ltr'>qnoniam</span> <span class='ocrx_word' id='word_1_68' title='bbox 1622 915 1729 987; x_wconf 81' lang='lat' dir='ltr'>judicas</span> 
     </span>
     <span class='ocr_line' id='line_1_8' title="bbox 130 1009 1731 1087; baseline -0.006 -14"><span class='ocrx_word' id='word_1_69' title='bbox 130 1016 291 1073; x_wconf 68' lang='lat' dir='ltr'>utmuret</span> <span class='ocrx_word' id='word_1_70' title='bbox 308 1013 437 1071; x_wconf 71' lang='lat' dir='ltr'>exsultent</span> <span class='ocrx_word' id='word_1_71' title='bbox 453 1021 561 1087; x_wconf 80' lang='lat' dir='ltr'>pentes:</span> <span class='ocrx_word' id='word_1_72' title='bbox 577 1011 700 1086; x_wconf 81' lang='lat' dir='ltr'>quoniam</span> <span class='ocrx_word' id='word_1_73' title='bbox 712 1012 820 1087; x_wconf 77' lang='lat' dir='ltr'>judicas</span> <span class='ocrx_word' id='word_1_74' title='bbox 837 1027 885 1083; x_wconf 84' lang='lat' dir='ltr'>pa·</span> <span class='ocrx_word' id='word_1_75' title='bbox 935 1013 1052 1086; x_wconf 89' lang='lat' dir='ltr'>populos</span> <span class='ocrx_word' id='word_1_76' title='bbox 1078 1011 1107 1068; x_wconf 90' lang='lat' dir='ltr'>in</span> <span class='ocrx_word' id='word_1_77' title='bbox 1129 1010 1279 1084; x_wconf 79' lang='lat' dir='ltr'>aequitate,</span> <span class='ocrx_word' id='word_1_78' title='bbox 1301 1020 1330 1069; x_wconf 87' lang='lat' dir='ltr'>et</span> <span class='ocrx_word' id='word_1_79' title='bbox 1353 1019 1451 1083; x_wconf 81' lang='lat' dir='ltr'>pentes</span> <span class='ocrx_word' id='word_1_80' title='bbox 1474 1009 1502 1067; x_wconf 92' lang='lat' dir='ltr'>in</span> <span class='ocrx_word' id='word_1_81' title='bbox 1528 1016 1600 1067; x_wconf 89' lang='lat' dir='ltr'>terra</span> <span class='ocrx_word' id='word_1_82' title='bbox 1624 1009 1731 1082; x_wconf 76' lang='lat' dir='ltr'>dirigis.</span> 
     </span>
     <span class='ocr_line' id='line_1_9' title="bbox 101 1103 1103 1185; baseline -0.006 -19"><span class='ocrx_word' id='word_1_83' title='bbox 101 1109 165 1185; x_wconf 81' lang='lat' dir='ltr'>palos</span> <span class='ocrx_word' id='word_1_84' title='bbox 174 1107 339 1180; x_wconf 78' lang='lat' dir='ltr'>inaequitate,</span> <span class='ocrx_word' id='word_1_85' title='bbox 351 1113 376 1163; x_wconf 84' lang='lat' dir='ltr'>et</span> <span class='ocrx_word' id='word_1_86' title='bbox 386 1115 473 1182; x_wconf 70' lang='lat' dir='ltr'>pensa</span> <span class='ocrx_word' id='word_1_87' title='bbox 482 1108 589 1164; x_wconf 84' lang='lat' dir='ltr'>interra</span> <span class='ocrx_word' id='word_1_88' title='bbox 598 1107 702 1180; x_wconf 77' lang='lat' dir='ltr'>diripit.</span> <span class='ocrx_word' id='word_1_89' title='bbox 715 1105 882 1164; x_wconf 84' lang='lat' dir='ltr'>llrsrsserrn.</span> <span class='ocrx_word' id='word_1_90' title='bbox 935 1103 1103 1162; x_wconf 82' lang='lat' dir='ltr'>Drsesnuun.</span> 
     </span>
     <span class='ocr_line' id='line_1_10' title="bbox 130 1193 1737 1274; baseline -0.005 -13"><span class='ocrx_word' id='word_1_91' title='bbox 130 1204 299 1274; x_wconf 59' lang='lat' dir='ltr'>&amp;rismum</span> <span class='ocrx_word' id='word_1_92' title='bbox 314 1202 477 1272; x_wconf 73' lang='lat' dir='ltr'>elipandi,</span> <span class='ocrx_word' id='word_1_93' title='bbox 494 1200 576 1267; x_wconf 80' lang='lat' dir='ltr'>Dens,</span> <span class='ocrx_word' id='word_1_94' title='bbox 591 1201 763 1272; x_wconf 70' lang='lat' dir='ltr'>confiteantur</span> <span class='ocrx_word' id='word_1_95' title='bbox 774 1201 821 1257; x_wconf 80' lang='lat' dir='ltr'>tili</span> <span class='ocrx_word' id='word_1_96' title='bbox 835 1215 884 1274; x_wconf 89' lang='lat' dir='ltr'>pa·</span> <span class='ocrx_word' id='word_1_97' title='bbox 972 1197 1163 1256; x_wconf 74' lang='lat' dir='ltr'>conluantur</span> <span class='ocrx_word' id='word_1_98' title='bbox 1177 1195 1229 1254; x_wconf 91' lang='lat' dir='ltr'>tibl</span> <span class='ocrx_word' id='word_1_99' title='bbox 1252 1193 1367 1268; x_wconf 83' lang='lat' dir='ltr'>populi,</span> <span class='ocrx_word' id='word_1_100' title='bbox 1384 1195 1472 1264; x_wconf 84' lang='lat' dir='ltr'>lleus,</span> <span class='ocrx_word' id='word_1_101' title='bbox 1490 1193 1673 1253; x_wconf 81' lang='lat' dir='ltr'>confiteantur</span> <span class='ocrx_word' id='word_1_102' title='bbox 1688 1193 1737 1253; x_wconf 89' lang='lat' dir='ltr'>tibi</span> 
     </span>
     <span class='ocr_line' id='line_1_11' title="bbox 100 1288 1580 1372; baseline -0.005 -19"><span class='ocrx_word' id='word_1_103' title='bbox 100 1297 149 1372; x_wconf 83' lang='lat' dir='ltr'>puli</span> <span class='ocrx_word' id='word_1_104' title='bbox 160 1309 265 1353; x_wconf 78' lang='lat' dir='ltr'>sunna:</span> <span class='ocrx_word' id='word_1_105' title='bbox 279 1303 350 1351; x_wconf 85' lang='lat' dir='ltr'>terra</span> <span class='ocrx_word' id='word_1_106' title='bbox 364 1293 437 1350; x_wconf 84' lang='lat' dir='ltr'>dedit</span> <span class='ocrx_word' id='word_1_107' title='bbox 453 1296 567 1366; x_wconf 78' lang='lat' dir='ltr'>{ructum</span> <span class='ocrx_word' id='word_1_108' title='bbox 579 1308 666 1350; x_wconf 87' lang='lat' dir='ltr'>suum.</span> <span class='ocrx_word' id='word_1_109' title='bbox 937 1292 1033 1367; x_wconf 89' lang='lat' dir='ltr'>populi</span> <span class='ocrx_word' id='word_1_110' title='bbox 1046 1306 1164 1350; x_wconf 83' lang='lat' dir='ltr'>omnes:</span> <span class='ocrx_word' id='word_1_111' title='bbox 1179 1299 1252 1348; x_wconf 89' lang='lat' dir='ltr'>terra</span> <span class='ocrx_word' id='word_1_112' title='bbox 1266 1289 1342 1347; x_wconf 81' lang='lat' dir='ltr'>dedit</span> <span class='ocrx_word' id='word_1_113' title='bbox 1356 1288 1475 1346; x_wconf 89' lang='lat' dir='ltr'>iruetum</span> <span class='ocrx_word' id='word_1_114' title='bbox 1489 1305 1580 1348; x_wconf 88' lang='lat' dir='ltr'>suum.</span> 
     </span>
     <span class='ocr_line' id='line_1_12' title="bbox 128 1383 1738 1457; baseline 0 -15"><span class='ocrx_word' id='word_1_115' title='bbox 128 1386 259 1444; x_wconf 71' lang='lat' dir='ltr'>Benedicat</span> <span class='ocrx_word' id='word_1_116' title='bbox 280 1399 329 1441; x_wconf 89' lang='lat' dir='ltr'>nas</span> <span class='ocrx_word' id='word_1_117' title='bbox 351 1383 439 1451; x_wconf 71' lang='lat' dir='ltr'>brun.</span> <span class='ocrx_word' id='word_1_118' title='bbox 462 1383 534 1440; x_wconf 79' lang='lat' dir='ltr'>licus</span> <span class='ocrx_word' id='word_1_119' title='bbox 556 1393 655 1452; x_wconf 84' lang='lat' dir='ltr'>noster,</span> <span class='ocrx_word' id='word_1_120' title='bbox 680 1383 814 1441; x_wconf 83' lang='lat' dir='ltr'>lessedicut</span> <span class='ocrx_word' id='word_1_121' title='bbox 836 1399 883 1444; x_wconf 90' lang='lat' dir='ltr'>nos</span> <span class='ocrx_word' id='word_1_122' title='bbox 973 1389 1125 1447; x_wconf 71' lang='lat' dir='ltr'>Benedicat</span> <span class='ocrx_word' id='word_1_123' title='bbox 1146 1401 1197 1445; x_wconf 91' lang='lat' dir='ltr'>uns</span> <span class='ocrx_word' id='word_1_124' title='bbox 1212 1387 1305 1457; x_wconf 85' lang='lat' dir='ltr'>Deus,</span> <span class='ocrx_word' id='word_1_125' title='bbox 1320 1385 1393 1444; x_wconf 79' lang='lat' dir='ltr'>lleus</span> <span class='ocrx_word' id='word_1_126' title='bbox 1406 1391 1512 1454; x_wconf 84' lang='lat' dir='ltr'>noster,</span> <span class='ocrx_word' id='word_1_127' title='bbox 1527 1383 1672 1444; x_wconf 79' lang='lat' dir='ltr'>benedicat</span> <span class='ocrx_word' id='word_1_128' title='bbox 1687 1397 1738 1443; x_wconf 87' lang='lat' dir='ltr'>nos</span> 
     </span>
     <span class='ocr_line' id='line_1_13' title="bbox 101 1476 1593 1549; baseline -0.002 -11"><span class='ocrx_word' id='word_1_129' title='bbox 101 1481 162 1539; x_wconf 85' lang='lat' dir='ltr'>llera</span> <span class='ocrx_word' id='word_1_130' title='bbox 174 1497 183 1536; x_wconf 91' lang='grc'>.·</span> <span class='ocrx_word' id='word_1_131' title='bbox 196 1488 219 1538; x_wconf 85' lang='lat' dir='ltr'>el</span> <span class='ocrx_word' id='word_1_132' title='bbox 230 1485 350 1537; x_wconf 80' lang='lat' dir='ltr'>metuam</span> <span class='ocrx_word' id='word_1_133' title='bbox 363 1495 423 1536; x_wconf 86' lang='lat' dir='ltr'>eum</span> <span class='ocrx_word' id='word_1_134' title='bbox 438 1493 526 1536; x_wconf 84' lang='lat' dir='ltr'>amnes</span> <span class='ocrx_word' id='word_1_135' title='bbox 538 1477 604 1549; x_wconf 76' lang='lat' dir='ltr'>fines</span> <span class='ocrx_word' id='word_1_136' title='bbox 616 1487 703 1535; x_wconf 81' lang='lat' dir='ltr'>terra.</span> <span class='ocrx_word' id='word_1_137' title='bbox 776 1480 780 1488; x_wconf 86' lang='lat'>&#39;</span> <span class='ocrx_word' id='word_1_138' title='bbox 938 1481 1012 1539; x_wconf 87' lang='lat' dir='ltr'>bens</span> <span class='ocrx_word' id='word_1_139' title='bbox 1032 1489 1083 1540; x_wconf 88' lang='lat' dir='ltr'>:et</span> <span class='ocrx_word' id='word_1_140' title='bbox 1095 1487 1219 1539; x_wconf 83' lang='lat' dir='ltr'>metuant</span> <span class='ocrx_word' id='word_1_141' title='bbox 1232 1493 1295 1538; x_wconf 89' lang='lat' dir='ltr'>eum</span> <span class='ocrx_word' id='word_1_142' title='bbox 1310 1491 1406 1536; x_wconf 89' lang='lat' dir='ltr'>omnes</span> <span class='ocrx_word' id='word_1_143' title='bbox 1417 1476 1487 1536; x_wconf 82' lang='lat' dir='ltr'>lines</span> <span class='ocrx_word' id='word_1_144' title='bbox 1502 1485 1593 1536; x_wconf 76' lang='lat' dir='ltr'>lerose.</span> 
     </span>
    </p>
   </div>
   <div class='ocr_carea' id='block_1_3' title="bbox 736 1571 1069 1639">
    <p class='ocr_par' dir='ltr' id='par_1_3' title="bbox 736 1571 1069 1639">
     <span class='ocr_line' id='line_1_14' title="bbox 736 1571 1069 1639; baseline 0.003 -4"><span class='ocrx_word' id='word_1_145' title='bbox 736 1571 920 1638; x_wconf 67' lang='lat' dir='ltr'>manuus</span> <span class='ocrx_word' id='word_1_146' title='bbox 941 1574 1069 1639; x_wconf 76' lang='lat' dir='ltr'>exvlr.</span> 
     </span>
    </p>
   </div>
   <div class='ocr_carea' id='block_1_4' title="bbox 101 1671 1751 4080">
    <p class='ocr_par' dir='ltr' id='par_1_4' title="bbox 101 1671 1751 4080">
     <span class='ocr_line' id='line_1_15' title="bbox 174 1671 1597 1746; baseline -0.002 -11"><span class='ocrx_word' id='word_1_147' title='bbox 174 1691 200 1735; x_wconf 82' lang='lat' dir='ltr'>rs</span> <span class='ocrx_word' id='word_1_148' title='bbox 218 1690 315 1746; x_wconf 81' lang='lat' dir='ltr'>rrnen,</span> <span class='ocrx_word' id='word_1_149' title='bbox 334 1671 351 1716; x_wconf 67' lang='lat' dir='ltr'>l</span> <span class='ocrx_word' id='word_1_150' title='bbox 369 1691 420 1735; x_wconf 86' lang='lat' dir='ltr'>ress</span> <span class='ocrx_word' id='word_1_151' title='bbox 438 1690 521 1734; x_wconf 81' lang='lat' dir='ltr'>nstro</span> <span class='ocrx_word' id='word_1_152' title='bbox 539 1689 659 1734; x_wconf 76' lang='lat' dir='ltr'>manuos</span> <span class='ocrx_word' id='word_1_153' title='bbox 676 1689 795 1732; x_wconf 84' lang='lat' dir='ltr'>csurscs.</span> <span class='ocrx_word' id='word_1_154' title='bbox 1080 1673 1131 1734; x_wconf 75' lang='lat' dir='ltr'>&#39;ru</span> <span class='ocrx_word' id='word_1_155' title='bbox 1145 1691 1236 1746; x_wconf 79' lang='lat' dir='ltr'>ernau,</span> <span class='ocrx_word' id='word_1_156' title='bbox 1254 1689 1372 1734; x_wconf 76' lang='lat' dir='ltr'>renuam</span> <span class='ocrx_word' id='word_1_157' title='bbox 1387 1689 1493 1734; x_wconf 80' lang='lat' dir='ltr'>enarrer</span> <span class='ocrx_word' id='word_1_158' title='bbox 1507 1691 1597 1734; x_wconf 79' lang='lat' dir='ltr'>narro.</span> 
     </span>
     <span class='ocr_line' id='line_1_16' title="bbox 128 1767 1738 1847; baseline -0.001 -19"><span class='ocrx_word' id='word_1_159' title='bbox 128 1769 249 1846; x_wconf 77' lang='lat' dir='ltr'>Essuspat</span> <span class='ocrx_word' id='word_1_160' title='bbox 261 1770 349 1840; x_wconf 82' lang='lat' dir='ltr'>Deus,</span> <span class='ocrx_word' id='word_1_161' title='bbox 365 1787 396 1828; x_wconf 75' lang='lat' dir='ltr'>-e</span> <span class='ocrx_word' id='word_1_162' title='bbox 412 1781 437 1828; x_wconf 88' lang='lat' dir='ltr'>et</span> <span class='ocrx_word' id='word_1_163' title='bbox 452 1770 464 1843; x_wconf 68' lang='grc' dir='ltr'>ζ</span> <span class='ocrx_word' id='word_1_164' title='bbox 477 1771 637 1845; x_wconf 71' lang='lat' dir='ltr'>dissipentur</span> <span class='ocrx_word' id='word_1_165' title='bbox 650 1770 751 1826; x_wconf 83' lang='lat' dir='ltr'>inimici</span> <span class='ocrx_word' id='word_1_166' title='bbox 765 1773 822 1847; x_wconf 79' lang='lat' dir='ltr'>ejus</span> <span class='ocrx_word' id='word_1_167' title='bbox 837 1788 844 1827; x_wconf 78' lang='grc' dir='ltr'>ι</span> <span class='ocrx_word' id='word_1_168' title='bbox 861 1779 890 1830; x_wconf 84' lang='lat' dir='ltr'>ct</span> <span class='ocrx_word' id='word_1_169' title='bbox 974 1769 1113 1844; x_wconf 76' lang='lat' dir='ltr'>lissurpat</span> <span class='ocrx_word' id='word_1_170' title='bbox 1123 1770 1207 1840; x_wconf 80' lang='lat' dir='ltr'>liene,</span> <span class='ocrx_word' id='word_1_171' title='bbox 1223 1778 1252 1828; x_wconf 90' lang='lat' dir='ltr'>et</span> <span class='ocrx_word' id='word_1_172' title='bbox 1266 1767 1437 1841; x_wconf 84' lang='lat' dir='ltr'>dissipentur</span> <span class='ocrx_word' id='word_1_173' title='bbox 1450 1769 1637 1842; x_wconf 62' lang='lat' dir='ltr'>inimicicias,</span> <span class='ocrx_word' id='word_1_174' title='bbox 1652 1778 1681 1826; x_wconf 92' lang='lat' dir='ltr'>et</span> <span class='ocrx_word' id='word_1_175' title='bbox 1694 1769 1738 1828; x_wconf 89' lang='lat' dir='ltr'>lu-</span> 
     </span>
     <span class='ocr_line' id='line_1_17' title="bbox 101 1861 1484 1942; baseline -0.002 -20"><span class='ocrx_word' id='word_1_176' title='bbox 101 1868 196 1942; x_wconf 65' lang='lat' dir='ltr'>imant,</span> <span class='ocrx_word' id='word_1_177' title='bbox 211 1866 257 1938; x_wconf 78' lang='lat' dir='ltr'>psi</span> <span class='ocrx_word' id='word_1_178' title='bbox 267 1865 381 1922; x_wconf 84' lang='lat' dir='ltr'>aderunt</span> <span class='ocrx_word' id='word_1_179' title='bbox 393 1881 461 1932; x_wconf 76' lang='lat' dir='ltr'>mm,</span> <span class='ocrx_word' id='word_1_180' title='bbox 478 1882 494 1920; x_wconf 91' lang='lat' dir='ltr'>a</span> <span class='ocrx_word' id='word_1_181' title='bbox 508 1865 655 1940; x_wconf 72' lang='lat' dir='ltr'>inducias.</span> <span class='ocrx_word' id='word_1_182' title='bbox 938 1865 1014 1940; x_wconf 76' lang='lat' dir='ltr'>pians</span> <span class='ocrx_word' id='word_1_183' title='bbox 1025 1882 1040 1923; x_wconf 88' lang='lat' dir='ltr'>a</span> <span class='ocrx_word' id='word_1_184' title='bbox 1052 1863 1122 1922; x_wconf 76' lang='lat' dir='ltr'>[acic</span> <span class='ocrx_word' id='word_1_185' title='bbox 1136 1865 1206 1936; x_wconf 85' lang='lat' dir='ltr'>ejus,</span> <span class='ocrx_word' id='word_1_186' title='bbox 1220 1863 1267 1936; x_wconf 79' lang='lat' dir='ltr'>qni</span> <span class='ocrx_word' id='word_1_187' title='bbox 1280 1861 1398 1920; x_wconf 85' lang='lat' dir='ltr'>oderunt</span> <span class='ocrx_word' id='word_1_188' title='bbox 1411 1878 1484 1920; x_wconf 89' lang='lat' dir='ltr'>eum.</span> 
     </span>
     <span class='ocr_line' id='line_1_18' title="bbox 131 1955 1738 2030; baseline -0.003 -12"><span class='ocrx_word' id='word_1_189' title='bbox 131 1960 197 2018; x_wconf 86' lang='lat' dir='ltr'>Sicut</span> <span class='ocrx_word' id='word_1_190' title='bbox 207 1959 297 2030; x_wconf 73' lang='lat' dir='ltr'>deficis</span> <span class='ocrx_word' id='word_1_191' title='bbox 310 1959 410 2028; x_wconf 77' lang='lat' dir='ltr'>fumus,</span> <span class='ocrx_word' id='word_1_192' title='bbox 421 1957 544 2028; x_wconf 75' lang='lat' dir='ltr'>deficiant</span> <span class='ocrx_word' id='word_1_193' title='bbox 555 1973 565 2013; x_wconf 87' lang='lat'>.·</span> <span class='ocrx_word' id='word_1_194' title='bbox 578 1956 713 2029; x_wconf 78' lang='lat' dir='ltr'>sieuttluit</span> <span class='ocrx_word' id='word_1_195' title='bbox 726 1971 784 2013; x_wconf 85' lang='lat' dir='ltr'>cern</span> <span class='ocrx_word' id='word_1_196' title='bbox 794 1973 810 2012; x_wconf 94' lang='lat' dir='ltr'>n</span> <span class='ocrx_word' id='word_1_197' title='bbox 821 1957 888 2028; x_wconf 74' lang='lat' dir='ltr'>[acis</span> <span class='ocrx_word' id='word_1_198' title='bbox 975 1959 1054 2019; x_wconf 86' lang='lat' dir='ltr'>Sicut</span> <span class='ocrx_word' id='word_1_199' title='bbox 1073 1958 1166 2018; x_wconf 89' lang='lat' dir='ltr'>delicit</span> <span class='ocrx_word' id='word_1_200' title='bbox 1183 1958 1290 2028; x_wconf 87' lang='lat' dir='ltr'>lamus,</span> <span class='ocrx_word' id='word_1_201' title='bbox 1307 1956 1455 2014; x_wconf 86' lang='lat' dir='ltr'>deliciunt:</span> <span class='ocrx_word' id='word_1_202' title='bbox 1477 1956 1548 2014; x_wconf 88' lang='lat' dir='ltr'>sicui</span> <span class='ocrx_word' id='word_1_203' title='bbox 1568 1955 1628 2014; x_wconf 92' lang='lat' dir='ltr'>lluit</span> <span class='ocrx_word' id='word_1_204' title='bbox 1640 1971 1703 2015; x_wconf 87' lang='lat' dir='ltr'>acra</span> <span class='ocrx_word' id='word_1_205' title='bbox 1721 1971 1738 2014; x_wconf 84' lang='lat' dir='ltr'>a</span> 
     </span>
     <span class='ocr_line' id='line_1_19' title="bbox 102 2047 1743 2127; baseline 0.002 -22"><span class='ocrx_word' id='word_1_206' title='bbox 102 2054 168 2127; x_wconf 72' lang='lat' dir='ltr'>ipsiu,</span> <span class='ocrx_word' id='word_1_207' title='bbox 181 2067 210 2109; x_wconf 80' lang='lat'><strong><em>÷</em></strong></span> <span class='ocrx_word' id='word_1_208' title='bbox 222 2051 288 2122; x_wconf 70' lang='grc' dir='ltr'>ιῐοζ</span> <span class='ocrx_word' id='word_1_209' title='bbox 304 2061 409 2126; x_wconf 79' lang='lat' dir='ltr'>pereant</span> <span class='ocrx_word' id='word_1_210' title='bbox 424 2060 573 2124; x_wconf 80' lang='lat' dir='ltr'>pecasmres</span> <span class='ocrx_word' id='word_1_211' title='bbox 587 2065 605 2104; x_wconf 89' lang='lat' dir='ltr'>a</span> <span class='ocrx_word' id='word_1_212' title='bbox 617 2049 685 2123; x_wconf 78' lang='lat' dir='ltr'>{acis</span> <span class='ocrx_word' id='word_1_213' title='bbox 700 2047 761 2104; x_wconf 80' lang='lat' dir='ltr'>Dei.</span> <span class='ocrx_word' id='word_1_214' title='bbox 938 2053 1012 2112; x_wconf 86' lang='lat' dir='ltr'>lucie</span> <span class='ocrx_word' id='word_1_215' title='bbox 1026 2055 1117 2127; x_wconf 72' lang='lat' dir='ltr'>ignis:</span> <span class='ocrx_word' id='word_1_216' title='bbox 1136 2053 1178 2112; x_wconf 87' lang='lat' dir='ltr'>sic</span> <span class='ocrx_word' id='word_1_217' title='bbox 1199 2061 1314 2126; x_wconf 84' lang='lat' dir='ltr'>pereant</span> <span class='ocrx_word' id='word_1_218' title='bbox 1328 2059 1486 2123; x_wconf 89' lang='lat' dir='ltr'>peccatores</span> <span class='ocrx_word' id='word_1_219' title='bbox 1507 2066 1523 2108; x_wconf 86' lang='lat' dir='ltr'>a</span> <span class='ocrx_word' id='word_1_220' title='bbox 1543 2051 1611 2108; x_wconf 82' lang='lat' dir='ltr'>lucie</span> <span class='ocrx_word' id='word_1_221' title='bbox 1622 2050 1694 2122; x_wconf 86' lang='lat' dir='ltr'>bei,</span> <span class='ocrx_word' id='word_1_222' title='bbox 1712 2059 1743 2110; x_wconf 88' lang='lat' dir='ltr'>et</span> 
     </span>
     <span class='ocr_line' id='line_1_20' title="bbox 130 2140 1384 2224; baseline -0.002 -24"><span class='ocrx_word' id='word_1_223' title='bbox 130 2143 159 2200; x_wconf 77' lang='lat' dir='ltr'>dt</span> <span class='ocrx_word' id='word_1_224' title='bbox 165 2145 229 2218; x_wconf 82' lang='lat' dir='ltr'>jussi</span> <span class='ocrx_word' id='word_1_225' title='bbox 240 2144 394 2214; x_wconf 55' lang='lat' dir='ltr'>spuentes,</span> <span class='ocrx_word' id='word_1_226' title='bbox 408 2153 421 2182; x_wconf 71' lang='lat'><strong><em>⁶</em></strong></span> <span class='ocrx_word' id='word_1_227' title='bbox 442 2157 474 2198; x_wconf 77' lang='lat' dir='ltr'>-e</span> <span class='ocrx_word' id='word_1_228' title='bbox 486 2150 512 2200; x_wconf 88' lang='lat' dir='ltr'>et</span> <span class='ocrx_word' id='word_1_229' title='bbox 530 2141 541 2212; x_wconf 73' lang='grc' dir='ltr'>ζ</span> <span class='ocrx_word' id='word_1_230' title='bbox 562 2141 692 2198; x_wconf 80' lang='lat' dir='ltr'>ncsultenl</span> <span class='ocrx_word' id='word_1_231' title='bbox 706 2140 734 2197; x_wconf 87' lang='lat' dir='ltr'>iss</span> <span class='ocrx_word' id='word_1_232' title='bbox 747 2147 887 2214; x_wconf 84' lang='lat' dir='ltr'>cossspeclu</span> <span class='ocrx_word' id='word_1_233' title='bbox 940 2147 1005 2224; x_wconf 70' lang='lat' dir='ltr'>[liu.</span> <span class='ocrx_word' id='word_1_234' title='bbox 1020 2155 1087 2206; x_wconf 71' lang='lat' dir='ltr'>sanet</span> <span class='ocrx_word' id='word_1_235' title='bbox 1100 2145 1138 2222; x_wconf 78' lang='lat' dir='ltr'>es]</span> <span class='ocrx_word' id='word_1_236' title='bbox 1149 2146 1216 2217; x_wconf 79' lang='lat' dir='ltr'>justi</span> <span class='ocrx_word' id='word_1_237' title='bbox 1228 2145 1384 2217; x_wconf 86' lang='lat' dir='ltr'>epulentur.</span> 
     </span>
     <span class='ocr_line' id='line_1_21' title="bbox 103 2233 1741 2311; baseline 0 -17"><span class='ocrx_word' id='word_1_238' title='bbox 103 2235 144 2294; x_wconf 86' lang='lat' dir='ltr'>ild</span> <span class='ocrx_word' id='word_1_239' title='bbox 155 2253 163 2292; x_wconf 92' lang='lat'>:</span> <span class='ocrx_word' id='word_1_240' title='bbox 176 2245 199 2294; x_wconf 86' lang='lat' dir='ltr'>et</span> <span class='ocrx_word' id='word_1_241' title='bbox 211 2235 411 2294; x_wconf 82' lang='lat' dir='ltr'>dsteetndsuin</span> <span class='ocrx_word' id='word_1_242' title='bbox 426 2233 528 2292; x_wconf 79' lang='lat' dir='ltr'>iaesida</span> <span class='ocrx_word' id='word_1_243' title='bbox 975 2237 1121 2296; x_wconf 80' lang='lat' dir='ltr'>Exsultent</span> <span class='ocrx_word' id='word_1_244' title='bbox 1144 2235 1208 2311; x_wconf 84' lang='lat' dir='ltr'>[lis.</span> <span class='ocrx_word' id='word_1_245' title='bbox 1221 2245 1250 2296; x_wconf 89' lang='lat' dir='ltr'>et</span> <span class='ocrx_word' id='word_1_246' title='bbox 1261 2233 1407 2310; x_wconf 82' lang='lat' dir='ltr'>exsultem]</span> <span class='ocrx_word' id='word_1_247' title='bbox 1421 2233 1448 2293; x_wconf 89' lang='lat' dir='ltr'>ia</span> <span class='ocrx_word' id='word_1_248' title='bbox 1463 2242 1613 2308; x_wconf 83' lang='lat' dir='ltr'>conspeetu</span> <span class='ocrx_word' id='word_1_249' title='bbox 1626 2235 1695 2294; x_wconf 83' lang='lat' dir='ltr'>bei:</span> <span class='ocrx_word' id='word_1_250' title='bbox 1711 2245 1741 2296; x_wconf 90' lang='lat' dir='ltr'>et</span> 
     </span>
     <span class='ocr_line' id='line_1_22' title="bbox 939 2329 1282 2412; baseline -0.015 -22"><span class='ocrx_word' id='word_1_251' title='bbox 939 2331 1114 2390; x_wconf 82' lang='lat' dir='ltr'>delectentur</span> <span class='ocrx_word' id='word_1_252' title='bbox 1128 2331 1156 2389; x_wconf 89' lang='lat' dir='ltr'>in</span> <span class='ocrx_word' id='word_1_253' title='bbox 1172 2329 1282 2412; x_wconf 33' lang='lat' dir='ltr'>letitia&amp;</span> 
     </span>
     <span class='ocr_line' id='line_1_23' title="bbox 134 2411 1739 2496; baseline -0.001 -14"><span class='ocrx_word' id='word_1_254' title='bbox 134 2413 232 2472; x_wconf 60' lang='lat' dir='ltr'>cllidis</span> <span class='ocrx_word' id='word_1_255' title='bbox 247 2413 318 2481; x_wconf 70' lang='lat'>02⁰·</span> <span class='ocrx_word' id='word_1_256' title='bbox 333 2413 461 2484; x_wconf 59' lang='lat' dir='ltr'>limbum</span> <span class='ocrx_word' id='word_1_257' title='bbox 475 2412 554 2470; x_wconf 58' lang='lat' dir='ltr'>45⁶5st</span> <span class='ocrx_word' id='word_1_258' title='bbox 572 2411 673 2470; x_wconf 58' lang='lat' dir='ltr'>”mlii</span> <span class='ocrx_word' id='word_1_259' title='bbox 688 2413 767 2487; x_wconf 62' lang='lat' dir='ltr'>il&#39;ffl</span> <span class='ocrx_word' id='word_1_260' title='bbox 783 2414 832 2470; x_wconf 57' lang='grc' dir='ltr'>Μ</span> <span class='ocrx_word' id='word_1_261' title='bbox 844 2415 888 2486; x_wconf 80' lang='lat' dir='ltr'>l‘l·</span> <span class='ocrx_word' id='word_1_262' title='bbox 975 2423 1093 2484; x_wconf 71' lang='grc' dir='ltr'>(Ξιιιιοιο</span> <span class='ocrx_word' id='word_1_263' title='bbox 1108 2424 1185 2493; x_wconf 86' lang='lat' dir='ltr'>beo,</span> <span class='ocrx_word' id='word_1_264' title='bbox 1203 2424 1337 2496; x_wconf 90' lang='lat' dir='ltr'>psalmum</span> <span class='ocrx_word' id='word_1_265' title='bbox 1356 2422 1441 2482; x_wconf 86' lang='lat' dir='ltr'>dieite</span> <span class='ocrx_word' id='word_1_266' title='bbox 1460 2423 1564 2482; x_wconf 85' lang='lat' dir='ltr'>nomini</span> <span class='ocrx_word' id='word_1_267' title='bbox 1579 2423 1639 2496; x_wconf 78' lang='lat' dir='ltr'>eius</span> <span class='ocrx_word' id='word_1_268' title='bbox 1657 2439 1664 2480; x_wconf 80' lang='grc' dir='ltr'>ι</span> <span class='ocrx_word' id='word_1_269' title='bbox 1686 2423 1739 2481; x_wconf 90' lang='lat' dir='ltr'>iter</span> 
     </span>
     <span class='ocr_line' id='line_1_24' title="bbox 104 2504 1741 2591; baseline -0.002 -14"><span class='ocrx_word' id='word_1_270' title='bbox 104 2505 379 2582; x_wconf 63' lang='lat' dir='ltr'>dannamaria</span> <span class='ocrx_word' id='word_1_271' title='bbox 397 2521 476 2578; x_wconf 60' lang='lat' dir='ltr'>⁸lilii</span> <span class='ocrx_word' id='word_1_272' title='bbox 495 2519 626 2576; x_wconf 61' lang='lat' dir='ltr'>mmm·</span> <span class='ocrx_word' id='word_1_273' title='bbox 648 2504 782 2575; x_wconf 61' lang='lat' dir='ltr'>”millis</span> <span class='ocrx_word' id='word_1_274' title='bbox 794 2519 888 2562; x_wconf 64' lang='lat' dir='ltr'>lilim</span> <span class='ocrx_word' id='word_1_275' title='bbox 940 2517 1023 2578; x_wconf 80' lang='lat' dir='ltr'>ducite</span> <span class='ocrx_word' id='word_1_276' title='bbox 1048 2519 1090 2590; x_wconf 90' lang='lat' dir='ltr'>ei,</span> <span class='ocrx_word' id='word_1_277' title='bbox 1116 2518 1163 2591; x_wconf 83' lang='lat' dir='ltr'>qui</span> <span class='ocrx_word' id='word_1_278' title='bbox 1186 2517 1312 2576; x_wconf 85' lang='lat' dir='ltr'>aseendit</span> <span class='ocrx_word' id='word_1_279' title='bbox 1333 2533 1417 2590; x_wconf 87' lang='lat' dir='ltr'>super</span> <span class='ocrx_word' id='word_1_280' title='bbox 1438 2532 1585 2588; x_wconf 87' lang='lat' dir='ltr'>occasura,</span> <span class='ocrx_word' id='word_1_281' title='bbox 1608 2517 1741 2576; x_wconf 81' lang='lat' dir='ltr'>Dominus</span> 
     </span>
     <span class='ocr_line' id='line_1_25' title="bbox 103 2598 1296 2686; baseline -0.003 -15"><span class='ocrx_word' id='word_1_282' title='bbox 103 2598 146 2656; x_wconf 53' lang='grc' dir='ltr'>ἰαί·</span> <span class='ocrx_word' id='word_1_283' title='bbox 940 2627 1042 2671; x_wconf 89' lang='lat' dir='ltr'>nornen</span> <span class='ocrx_word' id='word_1_284' title='bbox 1057 2623 1098 2670; x_wconf 89' lang='lat' dir='ltr'>est</span> <span class='ocrx_word' id='word_1_285' title='bbox 1112 2613 1138 2670; x_wconf 92' lang='lat' dir='ltr'>ei</span> <span class='ocrx_word' id='word_1_286' title='bbox 1153 2610 1218 2686; x_wconf 88' lang='lat' dir='ltr'>[lis.</span> <span class='ocrx_word' id='word_1_287' title='bbox 1234 2609 1296 2682; x_wconf 81' lang='lat' dir='ltr'>illil.</span> 
     </span>
     <span class='ocr_line' id='line_1_26' title="bbox 134 2700 1740 2788; baseline -0.008 -15"><span class='ocrx_word' id='word_1_288' title='bbox 134 2713 166 2772; x_wconf 76' lang='lat' dir='ltr'>dt</span> <span class='ocrx_word' id='word_1_289' title='bbox 181 2715 311 2773; x_wconf 77' lang='lat' dir='ltr'>nunnae</span> <span class='ocrx_word' id='word_1_290' title='bbox 322 2713 352 2770; x_wconf 92' lang='lat' dir='ltr'>in</span> <span class='ocrx_word' id='word_1_291' title='bbox 363 2713 506 2788; x_wconf 83' lang='lat' dir='ltr'>&#39;rouapeats</span> <span class='ocrx_word' id='word_1_292' title='bbox 520 2709 535 2752; x_wconf 67' lang='lat' dir='ltr'>l</span> <span class='ocrx_word' id='word_1_293' title='bbox 547 2713 616 2786; x_wconf 73' lang='lat' dir='ltr'>eius,</span> <span class='ocrx_word' id='word_1_294' title='bbox 635 2725 669 2769; x_wconf 68' lang='grc' dir='ltr'>«ι</span> <span class='ocrx_word' id='word_1_295' title='bbox 688 2711 890 2769; x_wconf 77' lang='lat' dir='ltr'>smiuiunlura</span> <span class='ocrx_word' id='word_1_296' title='bbox 976 2704 1100 2764; x_wconf 83' lang='lat' dir='ltr'>Gaudete</span> <span class='ocrx_word' id='word_1_297' title='bbox 1113 2701 1179 2778; x_wconf 81' lang='lat' dir='ltr'>[lis.</span> <span class='ocrx_word' id='word_1_298' title='bbox 1194 2700 1340 2776; x_wconf 80' lang='lat' dir='ltr'>exsultate]</span> <span class='ocrx_word' id='word_1_299' title='bbox 1355 2703 1381 2760; x_wconf 92' lang='lat' dir='ltr'>in</span> <span class='ocrx_word' id='word_1_300' title='bbox 1394 2712 1545 2775; x_wconf 89' lang='lat' dir='ltr'>conspeetu</span> <span class='ocrx_word' id='word_1_301' title='bbox 1560 2704 1632 2775; x_wconf 78' lang='lat' dir='ltr'>eius,</span> <span class='ocrx_word' id='word_1_302' title='bbox 1645 2704 1740 2761; x_wconf 88' lang='lat' dir='ltr'>turba·</span> 
     </span>
     <span class='ocr_line' id='line_1_27' title="bbox 109 2793 1737 2884; baseline -0.007 -20"><span class='ocrx_word' id='word_1_303' title='bbox 109 2807 165 2879; x_wconf 72' lang='lat' dir='ltr'>inde</span> <span class='ocrx_word' id='word_1_304' title='bbox 175 2811 228 2884; x_wconf 81' lang='lat' dir='ltr'>ejus</span> <span class='ocrx_word' id='word_1_305' title='bbox 241 2807 253 2879; x_wconf 72' lang='grc' dir='ltr'>ζ</span> <span class='ocrx_word' id='word_1_306' title='bbox 267 2807 354 2883; x_wconf 83' lang='lat' dir='ltr'>patris</span> <span class='ocrx_word' id='word_1_307' title='bbox 367 2804 548 2879; x_wconf 75' lang='lat' dir='ltr'>orphanorum</span> <span class='ocrx_word' id='word_1_308' title='bbox 558 2804 689 2879; x_wconf 67' lang='lat' dir='ltr'>sejudicio</span> <span class='ocrx_word' id='word_1_309' title='bbox 703 2804 851 2862; x_wconf 83' lang='lat' dir='ltr'>uiduarum.</span> <span class='ocrx_word' id='word_1_310' title='bbox 939 2797 1043 2856; x_wconf 88' lang='lat' dir='ltr'>buntur</span> <span class='ocrx_word' id='word_1_311' title='bbox 1063 2795 1164 2854; x_wconf 85' lang='lat' dir='ltr'>alneie</span> <span class='ocrx_word' id='word_1_312' title='bbox 1183 2795 1263 2868; x_wconf 74' lang='lat' dir='ltr'>eius:</span> <span class='ocrx_word' id='word_1_313' title='bbox 1280 2795 1366 2868; x_wconf 84' lang='lat' dir='ltr'>peinis</span> <span class='ocrx_word' id='word_1_314' title='bbox 1386 2793 1573 2867; x_wconf 86' lang='lat' dir='ltr'>orphanorum</span> <span class='ocrx_word' id='word_1_315' title='bbox 1589 2803 1617 2852; x_wconf 90' lang='lat' dir='ltr'>et</span> <span class='ocrx_word' id='word_1_316' title='bbox 1634 2793 1737 2866; x_wconf 83' lang='lat' dir='ltr'>judicis</span> 
     </span>
     <span class='ocr_line' id='line_1_28' title="bbox 941 2891 1098 2950; baseline -0.013 0"><span class='ocrx_word' id='word_1_317' title='bbox 941 2891 1098 2950; x_wconf 83' lang='lat' dir='ltr'>uiduarum.</span> 
     </span>
     <span class='ocr_line' id='line_1_29' title="bbox 132 2978 1741 3058; baseline -0.002 -18"><span class='ocrx_word' id='word_1_318' title='bbox 132 2984 194 3042; x_wconf 70' lang='lat' dir='ltr'>llius</span> <span class='ocrx_word' id='word_1_319' title='bbox 209 2986 238 3042; x_wconf 86' lang='lat' dir='ltr'>in</span> <span class='ocrx_word' id='word_1_320' title='bbox 254 2986 316 3044; x_wconf 83' lang='lat' dir='ltr'>laco</span> <span class='ocrx_word' id='word_1_321' title='bbox 330 2993 422 3044; x_wconf 83' lang='lat' dir='ltr'>saneta</span> <span class='ocrx_word' id='word_1_322' title='bbox 437 2999 510 3043; x_wconf 87' lang='lat' dir='ltr'>sua:</span> <span class='ocrx_word' id='word_1_323' title='bbox 527 2983 617 3053; x_wconf 80' lang='lat' dir='ltr'>Deus,</span> <span class='ocrx_word' id='word_1_324' title='bbox 632 2984 677 3056; x_wconf 82' lang='lat' dir='ltr'>psi</span> <span class='ocrx_word' id='word_1_325' title='bbox 695 2983 813 3040; x_wconf 79' lang='lat' dir='ltr'>iuliane</span> <span class='ocrx_word' id='word_1_326' title='bbox 826 2981 891 3057; x_wconf 72' lang='lat' dir='ltr'>[anit</span> <span class='ocrx_word' id='word_1_327' title='bbox 979 2985 1053 3044; x_wconf 85' lang='lat' dir='ltr'>ileos</span> <span class='ocrx_word' id='word_1_328' title='bbox 1070 2983 1098 3042; x_wconf 92' lang='lat' dir='ltr'>ln</span> <span class='ocrx_word' id='word_1_329' title='bbox 1114 2983 1176 3042; x_wconf 90' lang='lat' dir='ltr'>loco</span> <span class='ocrx_word' id='word_1_330' title='bbox 1189 2992 1284 3042; x_wconf 87' lang='lat' dir='ltr'>saneto</span> <span class='ocrx_word' id='word_1_331' title='bbox 1295 2996 1347 3039; x_wconf 92' lang='lat' dir='ltr'>suo</span> <span class='ocrx_word' id='word_1_332' title='bbox 1359 2999 1368 3038; x_wconf 81' lang='lat' dir='ltr'>s</span> <span class='ocrx_word' id='word_1_333' title='bbox 1381 2981 1454 3040; x_wconf 84' lang='lat' dir='ltr'>bens</span> <span class='ocrx_word' id='word_1_334' title='bbox 1466 2981 1512 3056; x_wconf 81' lang='lat' dir='ltr'>qui</span> <span class='ocrx_word' id='word_1_335' title='bbox 1527 2979 1591 3058; x_wconf 84' lang='lat' dir='ltr'>[lis.</span> <span class='ocrx_word' id='word_1_336' title='bbox 1606 2989 1673 3039; x_wconf 86' lang='lat' dir='ltr'>tacet</span> <span class='ocrx_word' id='word_1_337' title='bbox 1682 2978 1741 3055; x_wconf 86' lang='lat' dir='ltr'>qui]</span> 
     </span>
     <span class='ocr_line' id='line_1_30' title="bbox 105 3067 1450 3138; baseline 0 -4"><span class='ocrx_word' id='word_1_338' title='bbox 105 3067 247 3138; x_wconf 61' lang='lat' dir='ltr'>*summes</span> <span class='ocrx_word' id='word_1_339' title='bbox 261 3083 294 3136; x_wconf 90' lang='lat' dir='ltr'>in</span> <span class='ocrx_word' id='word_1_340' title='bbox 308 3079 399 3136; x_wconf 87' lang='lat' dir='ltr'>domo.</span> <span class='ocrx_word' id='word_1_341' title='bbox 943 3078 1070 3137; x_wconf 89' lang='lat' dir='ltr'>babitare</span> <span class='ocrx_word' id='word_1_342' title='bbox 1083 3077 1148 3136; x_wconf 86' lang='lat' dir='ltr'>iacit</span> <span class='ocrx_word' id='word_1_343' title='bbox 1161 3075 1303 3136; x_wconf 85' lang='lat' dir='ltr'>unanimes</span> <span class='ocrx_word' id='word_1_344' title='bbox 1316 3074 1343 3133; x_wconf 89' lang='lat' dir='ltr'>in</span> <span class='ocrx_word' id='word_1_345' title='bbox 1357 3075 1450 3134; x_wconf 89' lang='lat' dir='ltr'>domo.</span> 
     </span>
     <span class='ocr_line' id='line_1_31' title="bbox 135 3165 1751 3250; baseline -0.002 -24"><span class='ocrx_word' id='word_1_346' title='bbox 135 3186 157 3226; x_wconf 76' lang='lat' dir='ltr'>-e</span> <span class='ocrx_word' id='word_1_347' title='bbox 176 3171 226 3241; x_wconf 80' lang='lat' dir='ltr'>Qui</span> <span class='ocrx_word' id='word_1_348' title='bbox 239 3171 253 3244; x_wconf 72' lang='grc' dir='ltr'>ζ</span> <span class='ocrx_word' id='word_1_349' title='bbox 266 3169 358 3230; x_wconf 81' lang='lat' dir='ltr'>educis</span> <span class='ocrx_word' id='word_1_350' title='bbox 367 3171 465 3229; x_wconf 81' lang='lat' dir='ltr'>ninam</span> <span class='ocrx_word' id='word_1_351' title='bbox 480 3171 512 3250; x_wconf 85' lang='lat' dir='ltr'>in</span> <span class='ocrx_word' id='word_1_352' title='bbox 522 3171 677 3245; x_wconf 73' lang='lat' dir='ltr'>iartdudine</span> <span class='ocrx_word' id='word_1_353' title='bbox 688 3187 698 3229; x_wconf 91' lang='grc'>.·</span> <span class='ocrx_word' id='word_1_354' title='bbox 708 3169 830 3229; x_wconf 82' lang='lat' dir='ltr'>similiter</span> <span class='ocrx_word' id='word_1_355' title='bbox 842 3187 886 3230; x_wconf 84' lang='lat' dir='ltr'>sos</span> <span class='ocrx_word' id='word_1_356' title='bbox 977 3171 1029 3242; x_wconf 78' lang='lat' dir='ltr'>Qui</span> <span class='ocrx_word' id='word_1_357' title='bbox 1041 3169 1134 3230; x_wconf 81' lang='lat' dir='ltr'>educit</span> <span class='ocrx_word' id='word_1_358' title='bbox 1145 3169 1253 3228; x_wconf 88' lang='lat' dir='ltr'>rioetcs</span> <span class='ocrx_word' id='word_1_359' title='bbox 1266 3169 1295 3226; x_wconf 90' lang='lat' dir='ltr'>irr</span> <span class='ocrx_word' id='word_1_360' title='bbox 1304 3167 1464 3226; x_wconf 83' lang='lat' dir='ltr'>lassitudine</span> <span class='ocrx_word' id='word_1_361' title='bbox 1476 3184 1483 3224; x_wconf 81' lang='lat' dir='ltr'>s</span> <span class='ocrx_word' id='word_1_362' title='bbox 1497 3166 1625 3226; x_wconf 86' lang='lat' dir='ltr'>similiter</span> <span class='ocrx_word' id='word_1_363' title='bbox 1634 3173 1663 3224; x_wconf 88' lang='lat' dir='ltr'>et</span> <span class='ocrx_word' id='word_1_364' title='bbox 1673 3165 1751 3244; x_wconf 49' lang='lat' dir='ltr'>[llas</span> 
     </span>
     <span class='ocr_line' id='line_1_32' title="bbox 103 3255 1744 3338; baseline -0.001 -18"><span class='ocrx_word' id='word_1_365' title='bbox 103 3263 311 3338; x_wconf 68' lang='lat' dir='ltr'>munandans,</span> <span class='ocrx_word' id='word_1_366' title='bbox 326 3264 373 3336; x_wconf 78' lang='lat' dir='ltr'>qui</span> <span class='ocrx_word' id='word_1_367' title='bbox 386 3263 504 3320; x_wconf 75' lang='lat' dir='ltr'>amitant</span> <span class='ocrx_word' id='word_1_368' title='bbox 515 3255 543 3321; x_wconf 79' lang='lat' dir='ltr'>in</span> <span class='ocrx_word' id='word_1_369' title='bbox 554 3263 693 3338; x_wconf 79' lang='lat' dir='ltr'>sepulcris.</span> <span class='ocrx_word' id='word_1_370' title='bbox 945 3270 1014 3320; x_wconf 82' lang='lat' dir='ltr'>taces</span> <span class='ocrx_word' id='word_1_371' title='bbox 1031 3261 1070 3336; x_wconf 85' lang='lat' dir='ltr'>et]</span> <span class='ocrx_word' id='word_1_372' title='bbox 1084 3261 1194 3336; x_wconf 85' lang='lat' dir='ltr'>eosqui</span> <span class='ocrx_word' id='word_1_373' title='bbox 1212 3261 1240 3320; x_wconf 90' lang='lat' dir='ltr'>ia</span> <span class='ocrx_word' id='word_1_374' title='bbox 1260 3261 1330 3318; x_wconf 86' lang='lat' dir='ltr'>iram</span> <span class='ocrx_word' id='word_1_375' title='bbox 1343 3267 1502 3334; x_wconf 81' lang='lat' dir='ltr'>prosecant,</span> <span class='ocrx_word' id='word_1_376' title='bbox 1517 3261 1563 3332; x_wconf 84' lang='lat' dir='ltr'>qui</span> <span class='ocrx_word' id='word_1_377' title='bbox 1577 3258 1744 3318; x_wconf 82' lang='lat' dir='ltr'>habitantia</span> 
     </span>
     <span class='ocr_line' id='line_1_33' title="bbox 945 3355 1092 3428; baseline -0.027 -12"><span class='ocrx_word' id='word_1_378' title='bbox 945 3355 1092 3428; x_wconf 77' lang='lat' dir='ltr'>sepulcris.</span> 
     </span>
     <span class='ocr_line' id='line_1_34' title="bbox 135 3437 1744 3520; baseline 0.004 -22"><span class='ocrx_word' id='word_1_379' title='bbox 135 3437 209 3511; x_wconf 84' lang='lat' dir='ltr'>ilem,</span> <span class='ocrx_word' id='word_1_380' title='bbox 222 3457 282 3500; x_wconf 83' lang='lat' dir='ltr'>sunt</span> <span class='ocrx_word' id='word_1_381' title='bbox 292 3440 454 3518; x_wconf 74' lang='lat' dir='ltr'>epredmds</span> <span class='ocrx_word' id='word_1_382' title='bbox 467 3444 495 3502; x_wconf 89' lang='lat' dir='ltr'>in</span> <span class='ocrx_word' id='word_1_383' title='bbox 503 3456 641 3520; x_wconf 82' lang='lat' dir='ltr'>conspectu</span> <span class='ocrx_word' id='word_1_384' title='bbox 655 3446 747 3519; x_wconf 84' lang='lat' dir='ltr'>populi</span> <span class='ocrx_word' id='word_1_385' title='bbox 761 3447 817 3503; x_wconf 83' lang='lat' dir='ltr'>sui.-</span> <span class='ocrx_word' id='word_1_386' title='bbox 832 3460 890 3504; x_wconf 84' lang='lat' dir='ltr'>cum</span> <span class='ocrx_word' id='word_1_387' title='bbox 980 3447 1065 3519; x_wconf 79' lang='lat' dir='ltr'>Deus,</span> <span class='ocrx_word' id='word_1_388' title='bbox 1083 3446 1149 3506; x_wconf 88' lang='lat' dir='ltr'>dum</span> <span class='ocrx_word' id='word_1_389' title='bbox 1164 3443 1335 3520; x_wconf 72' lang='lat' dir='ltr'>egredereris</span> <span class='ocrx_word' id='word_1_390' title='bbox 1348 3453 1463 3504; x_wconf 69' lang='lat' dir='ltr'>tenram</span> <span class='ocrx_word' id='word_1_391' title='bbox 1477 3444 1581 3518; x_wconf 90' lang='lat' dir='ltr'>populo</span> <span class='ocrx_word' id='word_1_392' title='bbox 1596 3452 1661 3504; x_wconf 91' lang='lat' dir='ltr'>tuo:</span> <span class='ocrx_word' id='word_1_393' title='bbox 1678 3443 1744 3504; x_wconf 90' lang='lat' dir='ltr'>dum</span> 
     </span>
     <span class='ocr_line' id='line_1_35' title="bbox 106 3534 1745 3616; baseline 0.007 -29"><span class='ocrx_word' id='word_1_394' title='bbox 106 3534 260 3604; x_wconf 66' lang='lat' dir='ltr'>petransiret</span> <span class='ocrx_word' id='word_1_395' title='bbox 273 3537 304 3593; x_wconf 88' lang='lat' dir='ltr'>io</span> <span class='ocrx_word' id='word_1_396' title='bbox 318 3536 419 3596; x_wconf 77' lang='lat' dir='ltr'>deusto</span> <span class='ocrx_word' id='word_1_397' title='bbox 435 3537 497 3614; x_wconf 82' lang='lat' dir='ltr'>[nl.</span> <span class='ocrx_word' id='word_1_398' title='bbox 511 3537 661 3613; x_wconf 79' lang='lat' dir='ltr'>denntnml.</span> <span class='ocrx_word' id='word_1_399' title='bbox 676 3540 842 3598; x_wconf 81' lang='lat' dir='ltr'>bmusnursu.</span> <span class='ocrx_word' id='word_1_400' title='bbox 864 3554 866 3557; x_wconf 83' lang='lat'>·</span> <span class='ocrx_word' id='word_1_401' title='bbox 945 3539 1176 3616; x_wconf 72' lang='lat' dir='ltr'>transgredereris</span> <span class='ocrx_word' id='word_1_402' title='bbox 1184 3555 1232 3615; x_wconf 88' lang='lat' dir='ltr'>per</span> <span class='ocrx_word' id='word_1_403' title='bbox 1242 3540 1391 3598; x_wconf 87' lang='lat' dir='ltr'>desertum.</span> <span class='ocrx_word' id='word_1_404' title='bbox 1400 3537 1656 3598; x_wconf 83' lang='lat' dir='ltr'>brnrsnurrn.&#39;lerra</span> <span class='ocrx_word' id='word_1_405' title='bbox 1669 3549 1745 3598; x_wconf 89' lang='lat' dir='ltr'>mota</span> 
     </span>
     <span class='ocr_line' id='line_1_36' title="bbox 942 3645 997 3696; baseline -0.018 0"><span class='ocrx_word' id='word_1_406' title='bbox 942 3645 997 3696; x_wconf 87' lang='lat' dir='ltr'>est.</span> 
     </span>
     <span class='ocr_line' id='line_1_37' title="bbox 134 3711 1740 3788; baseline 0.001 -5"><span class='ocrx_word' id='word_1_407' title='bbox 134 3711 206 3770; x_wconf 69' lang='lat' dir='ltr'>Tm</span> <span class='ocrx_word' id='word_1_408' title='bbox 225 3724 300 3772; x_wconf 64' lang='grc' dir='ltr'>Μία</span> <span class='ocrx_word' id='word_1_409' title='bbox 318 3723 369 3783; x_wconf 68' lang='lat'>0³²2</span> <span class='ocrx_word' id='word_1_410' title='bbox 389 3723 415 3773; x_wconf 63' lang='lat' dir='ltr'>tl</span> <span class='ocrx_word' id='word_1_411' title='bbox 429 3730 461 3773; x_wconf 68' lang='lat'>4</span> <span class='ocrx_word' id='word_1_412' title='bbox 482 3716 577 3787; x_wconf 70' lang='lat' dir='ltr'>emm:</span> <span class='ocrx_word' id='word_1_413' title='bbox 599 3716 658 3774; x_wconf 61' lang='grc' dir='ltr'>ΜΗ</span> <span class='ocrx_word' id='word_1_414' title='bbox 671 3717 892 3776; x_wconf 58' lang='lat' dir='ltr'>mmmm</span> <span class='ocrx_word' id='word_1_415' title='bbox 979 3730 1089 3788; x_wconf 81' lang='lat' dir='ltr'>Etenim</span> <span class='ocrx_word' id='word_1_416' title='bbox 1101 3729 1163 3788; x_wconf 77' lang='lat' dir='ltr'>eseli</span> <span class='ocrx_word' id='word_1_417' title='bbox 1175 3727 1376 3786; x_wconf 83' lang='lat' dir='ltr'>distillaverunt</span> <span class='ocrx_word' id='word_1_418' title='bbox 1389 3740 1404 3782; x_wconf 86' lang='lat' dir='ltr'>a</span> <span class='ocrx_word' id='word_1_419' title='bbox 1415 3724 1484 3783; x_wconf 83' lang='lat' dir='ltr'>lucie</span> <span class='ocrx_word' id='word_1_420' title='bbox 1498 3725 1565 3783; x_wconf 81' lang='lat' dir='ltr'>liei:</span> <span class='ocrx_word' id='word_1_421' title='bbox 1580 3740 1659 3784; x_wconf 90' lang='lat' dir='ltr'>mons</span> <span class='ocrx_word' id='word_1_422' title='bbox 1673 3725 1740 3786; x_wconf 81' lang='lat' dir='ltr'>Sina</span> 
     </span>
     <span class='ocr_line' id='line_1_38' title="bbox 104 3807 1215 3882; baseline 0.006 -22"><span class='ocrx_word' id='word_1_423' title='bbox 104 3807 215 3878; x_wconf 77' lang='lat' dir='ltr'>{scisDei</span> <span class='ocrx_word' id='word_1_424' title='bbox 226 3809 307 3868; x_wconf 88' lang='lat' dir='ltr'>Sinai</span> <span class='ocrx_word' id='word_1_425' title='bbox 321 3815 383 3880; x_wconf 67' lang='lat' dir='ltr'>&gt;nia</span> <span class='ocrx_word' id='word_1_426' title='bbox 396 3810 462 3882; x_wconf 74' lang='lat' dir='ltr'>[acie</span> <span class='ocrx_word' id='word_1_427' title='bbox 475 3810 528 3867; x_wconf 83' lang='lat' dir='ltr'>Dei</span> <span class='ocrx_word' id='word_1_428' title='bbox 540 3809 625 3868; x_wconf 83' lang='lat' dir='ltr'>lsrael</span> <span class='ocrx_word' id='word_1_429' title='bbox 637 3811 649 3882; x_wconf 73' lang='grc' dir='ltr'>ζ</span> <span class='ocrx_word' id='word_1_430' title='bbox 944 3835 960 3879; x_wconf 63' lang='lat' dir='ltr'>a</span> <span class='ocrx_word' id='word_1_431' title='bbox 975 3821 1044 3880; x_wconf 55' lang='grc' dir='ltr'>[πίῃ</span> <span class='ocrx_word' id='word_1_432' title='bbox 1057 3820 1107 3880; x_wconf 64' lang='lat' dir='ltr'>nei</span> <span class='ocrx_word' id='word_1_433' title='bbox 1120 3819 1215 3879; x_wconf 66' lang='lat' dir='ltr'>lsrael,</span> 
     </span>
     <span class='ocr_line' id='line_1_39' title="bbox 132 3897 1740 3985; baseline 0.006 -32"><span class='ocrx_word' id='word_1_434' title='bbox 132 3897 247 3958; x_wconf 78' lang='lat' dir='ltr'>Pieriam</span> <span class='ocrx_word' id='word_1_435' title='bbox 266 3903 445 3960; x_wconf 77' lang='lat' dir='ltr'>uoluntariam</span> <span class='ocrx_word' id='word_1_436' title='bbox 463 3903 619 3977; x_wconf 68' lang='lat' dir='ltr'>septenniis,</span> <span class='ocrx_word' id='word_1_437' title='bbox 642 3905 724 3976; x_wconf 83' lang='lat' dir='ltr'>Deus,</span> <span class='ocrx_word' id='word_1_438' title='bbox 745 3905 893 3966; x_wconf 87' lang='lat' dir='ltr'>isaredilali</span> <span class='ocrx_word' id='word_1_439' title='bbox 979 3914 1100 3972; x_wconf 74' lang='lat' dir='ltr'>pluviam</span> <span class='ocrx_word' id='word_1_440' title='bbox 1120 3913 1302 3972; x_wconf 76' lang='lat' dir='ltr'>voluntariam</span> <span class='ocrx_word' id='word_1_441' title='bbox 1326 3925 1471 3984; x_wconf 73' lang='lat' dir='ltr'>segregans</span> <span class='ocrx_word' id='word_1_442' title='bbox 1491 3909 1557 3985; x_wconf 84' lang='lat' dir='ltr'>[lis.</span> <span class='ocrx_word' id='word_1_443' title='bbox 1582 3909 1740 3984; x_wconf 76' lang='lat' dir='ltr'>segnepal,</span> 
     </span>
     <span class='ocr_line' id='line_1_40' title="bbox 106 3997 1741 4080; baseline 0.009 -31"><span class='ocrx_word' id='word_1_444' title='bbox 106 3999 170 4050; x_wconf 81' lang='lat' dir='ltr'>tna:</span> <span class='ocrx_word' id='word_1_445' title='bbox 183 4004 208 4053; x_wconf 86' lang='lat' dir='ltr'>ct</span> <span class='ocrx_word' id='word_1_446' title='bbox 221 3997 360 4068; x_wconf 68' lang='lat' dir='ltr'>infirmata</span> <span class='ocrx_word' id='word_1_447' title='bbox 373 4005 422 4070; x_wconf 84' lang='lat' dir='ltr'>ess,</span> <span class='ocrx_word' id='word_1_448' title='bbox 435 4006 464 4054; x_wconf 90' lang='lat' dir='ltr'>tu</span> <span class='ocrx_word' id='word_1_449' title='bbox 476 4011 510 4055; x_wconf 68' lang='grc' dir='ltr'>«ι</span> <span class='ocrx_word' id='word_1_450' title='bbox 519 4014 582 4056; x_wconf 83' lang='lat' dir='ltr'>nero</span> <span class='ocrx_word' id='word_1_451' title='bbox 598 3998 610 4069; x_wconf 70' lang='grc' dir='ltr'>ζ</span> <span class='ocrx_word' id='word_1_452' title='bbox 624 4002 756 4075; x_wconf 71' lang='lat' dir='ltr'>perpecisti</span> <span class='ocrx_word' id='word_1_453' title='bbox 770 4017 837 4059; x_wconf 79' lang='lat' dir='ltr'>eant.</span> <span class='ocrx_word' id='word_1_454' title='bbox 944 4009 1027 4079; x_wconf 81' lang='lat' dir='ltr'>bens,</span> <span class='ocrx_word' id='word_1_455' title='bbox 1038 4006 1188 4066; x_wconf 83' lang='lat' dir='ltr'>haereditati</span> <span class='ocrx_word' id='word_1_456' title='bbox 1206 4015 1275 4064; x_wconf 86' lang='lat' dir='ltr'>tuno:</span> <span class='ocrx_word' id='word_1_457' title='bbox 1288 4007 1390 4064; x_wconf 88' lang='lat' dir='ltr'>etenim</span> <span class='ocrx_word' id='word_1_458' title='bbox 1401 4001 1467 4080; x_wconf 85' lang='lat' dir='ltr'>[lin.</span> <span class='ocrx_word' id='word_1_459' title='bbox 1486 4003 1524 4076; x_wconf 80' lang='lat' dir='ltr'>et]</span> <span class='ocrx_word' id='word_1_460' title='bbox 1534 4004 1670 4062; x_wconf 84' lang='lat' dir='ltr'>inllrorata</span> <span class='ocrx_word' id='word_1_461' title='bbox 1687 4015 1741 4075; x_wconf 89' lang='lat' dir='ltr'>est,</span> 
     </span>
    </p>
   </div>
   <div class='ocr_carea' id='block_1_5' title="bbox 133 4098 1744 4263">
    <p class='ocr_par' dir='ltr' id='par_1_5' title="bbox 133 4098 1744 4263">
     <span class='ocr_line' id='line_1_41' title="bbox 946 4098 1293 4172; baseline -0.009 -15"><span class='ocrx_word' id='word_1_462' title='bbox 946 4107 975 4157; x_wconf 92' lang='lat' dir='ltr'>tu</span> <span class='ocrx_word' id='word_1_463' title='bbox 986 4114 1053 4157; x_wconf 84' lang='lat' dir='ltr'>reso</span> <span class='ocrx_word' id='word_1_464' title='bbox 1066 4098 1205 4172; x_wconf 78' lang='lat' dir='ltr'>perfecisti</span> <span class='ocrx_word' id='word_1_465' title='bbox 1220 4113 1293 4156; x_wconf 86' lang='lat' dir='ltr'>eam.</span> 
     </span>
     <span class='ocr_line' id='line_1_42' title="bbox 133 4184 1744 4263; baseline 0.006 -23"><span class='ocrx_word' id='word_1_466' title='bbox 133 4184 261 4245; x_wconf 73' lang='lat' dir='ltr'>Animalia</span> <span class='ocrx_word' id='word_1_467' title='bbox 271 4196 318 4244; x_wconf 92' lang='lat' dir='ltr'>tua</span> <span class='ocrx_word' id='word_1_468' title='bbox 331 4184 485 4242; x_wconf 78' lang='lat' dir='ltr'>dubitabunt</span> <span class='ocrx_word' id='word_1_469' title='bbox 497 4187 525 4244; x_wconf 88' lang='lat' dir='ltr'>iss</span> <span class='ocrx_word' id='word_1_470' title='bbox 538 4203 570 4244; x_wconf 81' lang='lat' dir='ltr'>eu</span> <span class='ocrx_word' id='word_1_471' title='bbox 582 4203 593 4246; x_wconf 93' lang='grc'>.·</span> <span class='ocrx_word' id='word_1_472' title='bbox 604 4190 703 4262; x_wconf 81' lang='lat' dir='ltr'>pmussi</span> <span class='ocrx_word' id='word_1_473' title='bbox 713 4189 740 4246; x_wconf 91' lang='lat' dir='ltr'>in</span> <span class='ocrx_word' id='word_1_474' title='bbox 759 4190 896 4249; x_wconf 78' lang='lat' dir='ltr'>dulcedine</span> <span class='ocrx_word' id='word_1_475' title='bbox 984 4193 1120 4250; x_wconf 80' lang='lat' dir='ltr'>Animalia</span> <span class='ocrx_word' id='word_1_476' title='bbox 1137 4202 1181 4248; x_wconf 87' lang='lat' dir='ltr'>tua</span> <span class='ocrx_word' id='word_1_477' title='bbox 1196 4189 1387 4249; x_wconf 79' lang='lat' dir='ltr'>inhabitabunt</span> <span class='ocrx_word' id='word_1_478' title='bbox 1402 4191 1429 4247; x_wconf 92' lang='lat' dir='ltr'>in</span> <span class='ocrx_word' id='word_1_479' title='bbox 1444 4206 1476 4248; x_wconf 86' lang='lat' dir='ltr'>ea</span> <span class='ocrx_word' id='word_1_480' title='bbox 1494 4205 1501 4245; x_wconf 75' lang='grc' dir='ltr'><strong><em>ε</em></strong></span> <span class='ocrx_word' id='word_1_481' title='bbox 1516 4189 1619 4263; x_wconf 87' lang='lat' dir='ltr'>parasti</span> <span class='ocrx_word' id='word_1_482' title='bbox 1636 4191 1663 4247; x_wconf 92' lang='lat' dir='ltr'>in</span> <span class='ocrx_word' id='word_1_483' title='bbox 1681 4190 1744 4250; x_wconf 92' lang='lat' dir='ltr'>dul.</span> 
     </span>
    </p>
   </div>
   <div class='ocr_carea' id='block_1_6' title="bbox 105 4301 1745 4667">
    <p class='ocr_par' dir='ltr' id='par_1_6' title="bbox 105 4301 1745 4388">
     <span class='ocr_line' id='line_1_43' title="bbox 105 4301 1745 4388; baseline 0.004 -32"><span class='ocrx_word' id='word_1_484' title='bbox 105 4305 224 4388; x_wconf 75' lang='lat' dir='ltr'>misticum</span> <span class='ocrx_word' id='word_1_485' title='bbox 244 4303 299 4378; x_wconf 85' lang='lat' dir='ltr'>ipsi</span> <span class='ocrx_word' id='word_1_486' title='bbox 319 4301 433 4361; x_wconf 82' lang='lat' dir='ltr'>Dauid:</span> <span class='ocrx_word' id='word_1_487' title='bbox 456 4305 597 4364; x_wconf 85' lang='lat' dir='ltr'>aestatim</span> <span class='ocrx_word' id='word_1_488' title='bbox 620 4308 647 4364; x_wconf 93' lang='lat' dir='ltr'>in</span> <span class='ocrx_word' id='word_1_489' title='bbox 669 4316 745 4366; x_wconf 87' lang='lat' dir='ltr'>textu</span> <span class='ocrx_word' id='word_1_490' title='bbox 764 4309 898 4366; x_wconf 81' lang='lat' dir='ltr'>dessedicat</span> <span class='ocrx_word' id='word_1_491' title='bbox 950 4325 1021 4366; x_wconf 90' lang='lat' dir='ltr'>sum.</span> <span class='ocrx_word' id='word_1_492' title='bbox 1039 4309 1089 4366; x_wconf 86' lang='lat' dir='ltr'>lis.</span> <span class='ocrx_word' id='word_1_493' title='bbox 1105 4307 1273 4366; x_wconf 87' lang='lat' dir='ltr'>Serbonieus</span> <span class='ocrx_word' id='word_1_494' title='bbox 1295 4307 1359 4376; x_wconf 78' lang='lat' dir='ltr'>lupis</span> <span class='ocrx_word' id='word_1_495' title='bbox 1381 4307 1440 4364; x_wconf 90' lang='lat' dir='ltr'>sine</span> <span class='ocrx_word' id='word_1_496' title='bbox 1460 4315 1501 4366; x_wconf 87' lang='lat' dir='ltr'>st.</span> <span class='ocrx_word' id='word_1_497' title='bbox 1519 4305 1566 4362; x_wconf 85' lang='lat' dir='ltr'>sed</span> <span class='ocrx_word' id='word_1_498' title='bbox 1582 4305 1608 4362; x_wconf 92' lang='lat' dir='ltr'>in</span> <span class='ocrx_word' id='word_1_499' title='bbox 1623 4307 1745 4379; x_wconf 76' lang='lat' dir='ltr'>anargioe</span> 
     </span>
    </p>

    <p class='ocr_par' dir='ltr' id='par_1_7' title="bbox 106 4375 1745 4526">
     <span class='ocr_line' id='line_1_44' title="bbox 106 4375 1745 4450; baseline -0.001 -14"><span class='ocrx_word' id='word_1_500' title='bbox 106 4375 180 4430; x_wconf 68' lang='lat' dir='ltr'>tolle·</span> <span class='ocrx_word' id='word_1_501' title='bbox 951 4381 1035 4438; x_wconf 89' lang='lat' dir='ltr'>babet</span> <span class='ocrx_word' id='word_1_502' title='bbox 1054 4381 1132 4437; x_wconf 85' lang='lat' dir='ltr'>istam</span> <span class='ocrx_word' id='word_1_503' title='bbox 1153 4379 1274 4436; x_wconf 89' lang='lat' dir='ltr'>notulam</span> <span class='ocrx_word' id='word_1_504' title='bbox 1289 4395 1297 4434; x_wconf 75' lang='grc' dir='ltr'>ε</span> <span class='ocrx_word' id='word_1_505' title='bbox 1314 4379 1358 4444; x_wconf 85' lang='grc' dir='ltr'>Ει,</span> <span class='ocrx_word' id='word_1_506' title='bbox 1375 4377 1520 4434; x_wconf 85' lang='lat' dir='ltr'>iradeturiss</span> <span class='ocrx_word' id='word_1_507' title='bbox 1539 4377 1700 4450; x_wconf 81' lang='lat' dir='ltr'>quibusdam.</span> <span class='ocrx_word' id='word_1_508' title='bbox 1716 4379 1745 4435; x_wconf 93' lang='lat' dir='ltr'>ln</span> 
     </span>
     <span class='ocr_line' id='line_1_45' title="bbox 134 4447 1743 4526; baseline -0.001 -20"><span class='ocrx_word' id='word_1_509' title='bbox 134 4456 146 4484; x_wconf 87' lang='lat'><strong>¹</strong></span> <span class='ocrx_word' id='word_1_510' title='bbox 162 4447 244 4506; x_wconf 76' lang='lat' dir='ltr'>Errat</span> <span class='ocrx_word' id='word_1_511' title='bbox 264 4447 385 4504; x_wconf 81' lang='lat' dir='ltr'>Palatio.</span> <span class='ocrx_word' id='word_1_512' title='bbox 403 4463 455 4504; x_wconf 89' lang='lat' dir='ltr'>ms.</span> <span class='ocrx_word' id='word_1_513' title='bbox 474 4449 522 4516; x_wconf 84' lang='lat' dir='ltr'>nui</span> <span class='ocrx_word' id='word_1_514' title='bbox 543 4466 623 4507; x_wconf 81' lang='lat' dir='ltr'>sunam</span> <span class='ocrx_word' id='word_1_515' title='bbox 642 4461 666 4508; x_wconf 86' lang='lat' dir='ltr'>et</span> <span class='ocrx_word' id='word_1_516' title='bbox 677 4452 799 4508; x_wconf 84' lang='lat' dir='ltr'>roeurlnro</span> <span class='ocrx_word' id='word_1_517' title='bbox 813 4453 896 4526; x_wconf 78' lang='grc' dir='ltr'>ὀβιλί-</span> <span class='ocrx_word' id='word_1_518' title='bbox 950 4452 1083 4508; x_wconf 81' lang='lat' dir='ltr'>Psnlterio</span> <span class='ocrx_word' id='word_1_519' title='bbox 1098 4451 1259 4508; x_wconf 76' lang='lat' dir='ltr'>carnutensi</span> <span class='ocrx_word' id='word_1_520' title='bbox 1273 4451 1402 4519; x_wconf 89' lang='lat' dir='ltr'>seriptum</span> <span class='ocrx_word' id='word_1_521' title='bbox 1418 4459 1477 4506; x_wconf 89' lang='lat' dir='ltr'>erat</span> <span class='ocrx_word' id='word_1_522' title='bbox 1492 4449 1578 4517; x_wconf 85' lang='lat' dir='ltr'>prima</span> <span class='ocrx_word' id='word_1_523' title='bbox 1595 4465 1687 4514; x_wconf 83' lang='lat' dir='ltr'>aranu,</span> <span class='ocrx_word' id='word_1_524' title='bbox 1708 4450 1743 4504; x_wconf 78' lang='lat' dir='ltr'>ln&#39;t</span> 
     </span>
    </p>

    <p class='ocr_par' dir='ltr' id='par_1_8' title="bbox 106 4518 1744 4667">
     <span class='ocr_line' id='line_1_46' title="bbox 106 4518 1744 4596; baseline 0.002 -25"><span class='ocrx_word' id='word_1_525' title='bbox 106 4519 154 4581; x_wconf 70' lang='grc' dir='ltr'>ζει.</span> <span class='ocrx_word' id='word_1_526' title='bbox 168 4527 195 4573; x_wconf 90' lang='lat' dir='ltr'>et</span> <span class='ocrx_word' id='word_1_527' title='bbox 208 4518 366 4591; x_wconf 80' lang='lat' dir='ltr'>Diepsalma</span> <span class='ocrx_word' id='word_1_528' title='bbox 378 4519 553 4592; x_wconf 74' lang='lat' dir='ltr'>subsequenti</span> <span class='ocrx_word' id='word_1_529' title='bbox 570 4523 660 4578; x_wconf 77' lang='lat' dir='ltr'>remisi</span> <span class='ocrx_word' id='word_1_530' title='bbox 676 4524 825 4596; x_wconf 73' lang='lat' dir='ltr'>subjungis.</span> <span class='ocrx_word' id='word_1_531' title='bbox 948 4525 1094 4588; x_wconf 73' lang='lat' dir='ltr'>exsultate,</span> <span class='ocrx_word' id='word_1_532' title='bbox 1108 4533 1175 4590; x_wconf 72' lang='lat' dir='ltr'>etc..</span> <span class='ocrx_word' id='word_1_533' title='bbox 1190 4533 1283 4594; x_wconf 85' lang='lat' dir='ltr'>postea</span> <span class='ocrx_word' id='word_1_534' title='bbox 1298 4537 1364 4580; x_wconf 85' lang='lat' dir='ltr'>uera</span> <span class='ocrx_word' id='word_1_535' title='bbox 1383 4533 1541 4592; x_wconf 85' lang='lat' dir='ltr'>corruptum</span> <span class='ocrx_word' id='word_1_536' title='bbox 1555 4531 1596 4576; x_wconf 87' lang='lat' dir='ltr'>est</span> <span class='ocrx_word' id='word_1_537' title='bbox 1610 4522 1644 4577; x_wconf 86' lang='lat' dir='ltr'>ab</span> <span class='ocrx_word' id='word_1_538' title='bbox 1656 4523 1744 4592; x_wconf 85' lang='lat' dir='ltr'>impe-</span> 
     </span>
     <span class='ocr_line' id='line_1_47' title="bbox 136 4587 1312 4667; baseline 0.003 -22"><span class='ocrx_word' id='word_1_539' title='bbox 136 4587 149 4628; x_wconf 52' lang='grc' dir='ltr'>ὓ</span> <span class='ocrx_word' id='word_1_540' title='bbox 169 4589 254 4646; x_wconf 79' lang='lat' dir='ltr'>lucet</span> <span class='ocrx_word' id='word_1_541' title='bbox 271 4589 390 4646; x_wconf 84' lang='lat' dir='ltr'>Palatio.</span> <span class='ocrx_word' id='word_1_542' title='bbox 404 4606 456 4647; x_wconf 88' lang='lat' dir='ltr'>ms.</span> <span class='ocrx_word' id='word_1_543' title='bbox 472 4607 621 4660; x_wconf 83' lang='lat' dir='ltr'>pronomen</span> <span class='ocrx_word' id='word_1_544' title='bbox 636 4594 697 4667; x_wconf 87' lang='lat' dir='ltr'>ipsi.</span> <span class='ocrx_word' id='word_1_545' title='bbox 714 4594 742 4650; x_wconf 90' lang='lat' dir='ltr'>ln</span> <span class='ocrx_word' id='word_1_546' title='bbox 757 4603 832 4651; x_wconf 78' lang='lat' dir='ltr'>testu</span> <span class='ocrx_word' id='word_1_547' title='bbox 848 4609 897 4650; x_wconf 88' lang='lat' dir='ltr'>ars·</span> <span class='ocrx_word' id='word_1_548' title='bbox 950 4595 1004 4653; x_wconf 86' lang='lat' dir='ltr'>rita</span> <span class='ocrx_word' id='word_1_549' title='bbox 1018 4595 1203 4651; x_wconf 86' lang='lat' dir='ltr'>emendatone.</span> <span class='ocrx_word' id='word_1_550' title='bbox 1225 4593 1312 4649; x_wconf 86' lang='lat' dir='ltr'>linnr.</span> 
     </span>
    </p>
   </div>
   <div class='ocr_carea' id='block_1_7' title="bbox 107 4659 1746 4791">
    <p class='ocr_par' dir='ltr' id='par_1_9' title="bbox 107 4659 1746 4791">
     <span class='ocr_line' id='line_1_48' title="bbox 107 4659 1746 4791; baseline 0.004 -79"><span class='ocrx_word' id='word_1_551' title='bbox 107 4659 484 4732; x_wconf 76' lang='lat' dir='ltr'>ternpraeposisinuemrerbi</span> <span class='ocrx_word' id='word_1_552' title='bbox 498 4663 897 4791; x_wconf 60' lang='lat' dir='ltr'>Easurpatsulitoobelossrm·</span> <span class='ocrx_word' id='word_1_553' title='bbox 987 4669 1074 4723; x_wconf 67' lang='grc' dir='ltr'>οΡιο</span> <span class='ocrx_word' id='word_1_554' title='bbox 1098 4666 1249 4734; x_wconf 84' lang='lat' dir='ltr'>anarrimes,</span> <span class='ocrx_word' id='word_1_555' title='bbox 1270 4663 1409 4720; x_wconf 87' lang='lat' dir='ltr'>Palatinus</span> <span class='ocrx_word' id='word_1_556' title='bbox 1433 4677 1484 4720; x_wconf 81' lang='lat' dir='ltr'>me.</span> <span class='ocrx_word' id='word_1_557' title='bbox 1507 4675 1535 4722; x_wconf 90' lang='lat' dir='ltr'>et</span> <span class='ocrx_word' id='word_1_558' title='bbox 1559 4665 1644 4721; x_wconf 79' lang='lat' dir='ltr'>Carris</span> <span class='ocrx_word' id='word_1_559' title='bbox 1669 4661 1746 4718; x_wconf 87' lang='lat' dir='ltr'>rrnins</span> 
     </span>
    </p>
   </div>
   <div class='ocr_carea' id='block_1_8' title="bbox 106 4732 1778 5954">
    <p class='ocr_par' dir='ltr' id='par_1_10' title="bbox 106 4732 1778 5954">
     <span class='ocr_line' id='line_1_49' title="bbox 108 4732 1746 4818; baseline 0.003 -36"><span class='ocrx_word' id='word_1_560' title='bbox 108 4740 184 4788; x_wconf 87' lang='lat' dir='ltr'>notat.</span> <span class='ocrx_word' id='word_1_561' title='bbox 206 4733 428 4801; x_wconf 70' lang='lat' dir='ltr'>subsequentem</span> <span class='ocrx_word' id='word_1_562' title='bbox 451 4745 476 4790; x_wconf 85' lang='lat' dir='ltr'>et</span> <span class='ocrx_word' id='word_1_563' title='bbox 498 4737 623 4806; x_wconf 82' lang='lat' dir='ltr'>copulam</span> <span class='ocrx_word' id='word_1_564' title='bbox 651 4751 701 4793; x_wconf 90' lang='lat' dir='ltr'>nos</span> <span class='ocrx_word' id='word_1_565' title='bbox 725 4737 759 4794; x_wconf 89' lang='lat' dir='ltr'>ad</span> <span class='ocrx_word' id='word_1_566' title='bbox 789 4738 827 4794; x_wconf 89' lang='lat' dir='ltr'>lle</span> <span class='ocrx_word' id='word_1_567' title='bbox 849 4738 895 4793; x_wconf 78' lang='lat' dir='ltr'>rsei</span> <span class='ocrx_word' id='word_1_568' title='bbox 911 4738 1032 4818; x_wconf 72' lang='lat' dir='ltr'>Denaris</span> <span class='ocrx_word' id='word_1_569' title='bbox 1046 4739 1147 4809; x_wconf 77' lang='lat' dir='ltr'>legunt.</span> <span class='ocrx_word' id='word_1_570' title='bbox 1162 4737 1274 4807; x_wconf 89' lang='lat' dir='ltr'>propios</span> <span class='ocrx_word' id='word_1_571' title='bbox 1294 4733 1389 4792; x_wconf 78' lang='lat' dir='ltr'>Graan</span> <span class='ocrx_word' id='word_1_572' title='bbox 1402 4735 1587 4811; x_wconf 79' lang='grc' dir='ltr'>μονοτρόπους.</span> <span class='ocrx_word' id='word_1_573' title='bbox 1607 4733 1637 4790; x_wconf 90' lang='lat' dir='ltr'>S.</span> <span class='ocrx_word' id='word_1_574' title='bbox 1651 4732 1746 4802; x_wconf 69' lang='lat' dir='ltr'>Atreu·</span> 
     </span>
     <span class='ocr_line' id='line_1_50' title="bbox 106 4803 1746 4878; baseline 0.001 -22"><span class='ocrx_word' id='word_1_575' title='bbox 106 4809 190 4860; x_wconf 76' lang='lat' dir='ltr'>ursus</span> <span class='ocrx_word' id='word_1_576' title='bbox 204 4803 289 4861; x_wconf 85' lang='lat' dir='ltr'>tidem</span> <span class='ocrx_word' id='word_1_577' title='bbox 304 4819 372 4860; x_wconf 83' lang='lat' dir='ltr'>reru</span> <span class='ocrx_word' id='word_1_578' title='bbox 391 4804 574 4876; x_wconf 67' lang='lat' dir='ltr'>conludimas,</span> <span class='ocrx_word' id='word_1_579' title='bbox 593 4820 626 4862; x_wconf 90' lang='lat' dir='ltr'>ae</span> <span class='ocrx_word' id='word_1_580' title='bbox 640 4807 759 4863; x_wconf 83' lang='lat' dir='ltr'>uicissim</span> <span class='ocrx_word' id='word_1_581' title='bbox 774 4809 808 4864; x_wconf 80' lang='lat' dir='ltr'>sd</span> <span class='ocrx_word' id='word_1_582' title='bbox 823 4807 896 4865; x_wconf 92' lang='lat' dir='ltr'>idem</span> <span class='ocrx_word' id='word_1_583' title='bbox 951 4811 1049 4872; x_wconf 85' lang='lat' dir='ltr'>stinus,</span> <span class='ocrx_word' id='word_1_584' title='bbox 1064 4809 1106 4862; x_wconf 85' lang='lat' dir='ltr'>eoi</span> <span class='ocrx_word' id='word_1_585' title='bbox 1120 4817 1146 4862; x_wconf 90' lang='lat' dir='ltr'>et</span> <span class='ocrx_word' id='word_1_586' title='bbox 1158 4816 1221 4862; x_wconf 89' lang='lat' dir='ltr'>nota</span> <span class='ocrx_word' id='word_1_587' title='bbox 1232 4807 1312 4863; x_wconf 79' lang='lat' dir='ltr'>leutio</span> <span class='ocrx_word' id='word_1_588' title='bbox 1325 4816 1438 4872; x_wconf 82' lang='lat' dir='ltr'>utranue</span> <span class='ocrx_word' id='word_1_589' title='bbox 1453 4807 1514 4874; x_wconf 84' lang='lat' dir='ltr'>lunt,</span> <span class='ocrx_word' id='word_1_590' title='bbox 1527 4805 1656 4878; x_wconf 66' lang='lat' dir='ltr'>preteriit,</span> <span class='ocrx_word' id='word_1_591' title='bbox 1668 4805 1746 4858; x_wconf 76' lang='lat' dir='ltr'>utrius</span> 
     </span>
     <span class='ocr_line' id='line_1_51' title="bbox 107 4874 1747 5002; baseline 0.002 -76"><span class='ocrx_word' id='word_1_592' title='bbox 107 4874 284 5002; x_wconf 46' lang='lat' dir='ltr'>arelnntzpum</span> <span class='ocrx_word' id='word_1_593' title='bbox 304 4889 367 4932; x_wconf 86' lang='lat' dir='ltr'>essm</span> <span class='ocrx_word' id='word_1_594' title='bbox 382 4874 508 4933; x_wconf 80' lang='lat' dir='ltr'>Palatino</span> <span class='ocrx_word' id='word_1_595' title='bbox 529 4893 582 4934; x_wconf 83' lang='lat' dir='ltr'>ms.</span> <span class='ocrx_word' id='word_1_596' title='bbox 598 4885 627 4934; x_wconf 88' lang='lat' dir='ltr'>el</span> <span class='ocrx_word' id='word_1_597' title='bbox 645 4879 707 4936; x_wconf 88' lang='lat' dir='ltr'>Cari</span> <span class='ocrx_word' id='word_1_598' title='bbox 720 4895 827 4952; x_wconf 81' lang='lat' dir='ltr'>quoqrse</span> <span class='ocrx_word' id='word_1_599' title='bbox 841 4879 899 4936; x_wconf 87' lang='lat' dir='ltr'>edi·</span> <span class='ocrx_word' id='word_1_600' title='bbox 951 4880 1046 4935; x_wconf 89' lang='lat' dir='ltr'>madi:</span> <span class='ocrx_word' id='word_1_601' title='bbox 1066 4879 1119 4948; x_wconf 83' lang='lat' dir='ltr'>Qui</span> <span class='ocrx_word' id='word_1_602' title='bbox 1131 4879 1215 4946; x_wconf 83' lang='lat' dir='ltr'>eninr,</span> <span class='ocrx_word' id='word_1_603' title='bbox 1240 4875 1344 4944; x_wconf 69' lang='lat' dir='ltr'>inspuit,</span> <span class='ocrx_word' id='word_1_604' title='bbox 1362 4878 1455 4954; x_wconf 79' lang='grc' dir='ltr'>τρόποι</span> <span class='ocrx_word' id='word_1_605' title='bbox 1473 4876 1562 4932; x_wconf 78' lang='lat' dir='ltr'>Gracc</span> <span class='ocrx_word' id='word_1_606' title='bbox 1575 4875 1707 4942; x_wconf 84' lang='lat' dir='ltr'>dicuntur,</span> <span class='ocrx_word' id='word_1_607' title='bbox 1723 4884 1747 4930; x_wconf 90' lang='lat' dir='ltr'>et</span> 
     </span>
     <span class='ocr_line' id='line_1_52' title="bbox 108 4945 1578 5024; baseline 0.002 -27"><span class='ocrx_word' id='word_1_608' title='bbox 108 4951 200 5001; x_wconf 84' lang='lat' dir='ltr'>tronea</span> <span class='ocrx_word' id='word_1_609' title='bbox 215 4957 318 5012; x_wconf 79' lang='lat' dir='ltr'>semor.</span> <span class='ocrx_word' id='word_1_610' title='bbox 340 4945 388 5004; x_wconf 87' lang='lat' dir='ltr'>ubi</span> <span class='ocrx_word' id='word_1_611' title='bbox 401 4947 510 5012; x_wconf 77' lang='lat' dir='ltr'>dieitur,</span> <span class='ocrx_word' id='word_1_612' title='bbox 524 4957 548 5003; x_wconf 82' lang='lat' dir='ltr'>st</span> <span class='ocrx_word' id='word_1_613' title='bbox 567 4949 683 5024; x_wconf 75' lang='lat' dir='ltr'>supinus,</span> <span class='ocrx_word' id='word_1_614' title='bbox 696 4950 730 5006; x_wconf 90' lang='lat' dir='ltr'>ab</span> <span class='ocrx_word' id='word_1_615' title='bbox 743 4967 777 5008; x_wconf 91' lang='lat' dir='ltr'>eo</span> <span class='ocrx_word' id='word_1_616' title='bbox 796 4950 898 5007; x_wconf 80' lang='lat' dir='ltr'>erenri-</span> <span class='ocrx_word' id='word_1_617' title='bbox 952 4950 1025 5007; x_wconf 82' lang='lat' dir='ltr'>nundi</span> <span class='ocrx_word' id='word_1_618' title='bbox 1039 4959 1064 5005; x_wconf 89' lang='lat' dir='ltr'>et</span> <span class='ocrx_word' id='word_1_619' title='bbox 1077 4965 1161 5005; x_wconf 85' lang='lat' dir='ltr'>osores</span> <span class='ocrx_word' id='word_1_620' title='bbox 1178 4949 1270 5006; x_wconf 84' lang='lat' dir='ltr'>Latine</span> <span class='ocrx_word' id='word_1_621' title='bbox 1282 4949 1449 5016; x_wconf 84' lang='lat' dir='ltr'>interpretari</span> <span class='ocrx_word' id='word_1_622' title='bbox 1462 4957 1578 5018; x_wconf 84' lang='lat' dir='ltr'>possunt.</span> 
     </span>
     <span class='ocr_line' id='line_1_53' title="bbox 106 5015 1746 5147; baseline 0.002 -77"><span class='ocrx_word' id='word_1_623' title='bbox 106 5029 171 5140; x_wconf 38' lang='grc' dir='ltr'>ἴδοι,</span> <span class='ocrx_word' id='word_1_624' title='bbox 186 5032 243 5090; x_wconf 81' lang='lat' dir='ltr'>quo</span> <span class='ocrx_word' id='word_1_625' title='bbox 254 5021 421 5075; x_wconf 88' lang='lat' dir='ltr'>lmrneritoa</span> <span class='ocrx_word' id='word_1_626' title='bbox 434 5019 593 5077; x_wconf 86' lang='lat' dir='ltr'>llnrtianseo</span> <span class='ocrx_word' id='word_1_627' title='bbox 605 5030 633 5077; x_wconf 89' lang='lat' dir='ltr'>et</span> <span class='ocrx_word' id='word_1_628' title='bbox 645 5019 747 5078; x_wconf 79' lang='lat' dir='ltr'>Grebia</span> <span class='ocrx_word' id='word_1_629' title='bbox 763 5030 900 5094; x_wconf 74' lang='lat' dir='ltr'>promota·</span> <span class='ocrx_word' id='word_1_630' title='bbox 991 5019 1014 5147; x_wconf 65' lang='grc' dir='ltr'>ῑΙ</span> <span class='ocrx_word' id='word_1_631' title='bbox 1024 5021 1119 5090; x_wconf 81' lang='lat' dir='ltr'>Vacat,</span> <span class='ocrx_word' id='word_1_632' title='bbox 1137 5028 1166 5077; x_wconf 92' lang='lat' dir='ltr'>ut</span> <span class='ocrx_word' id='word_1_633' title='bbox 1177 5019 1305 5090; x_wconf 79' lang='lat' dir='ltr'>diximus,</span> <span class='ocrx_word' id='word_1_634' title='bbox 1320 5021 1347 5076; x_wconf 89' lang='lat' dir='ltr'>ia</span> <span class='ocrx_word' id='word_1_635' title='bbox 1363 5017 1511 5076; x_wconf 79' lang='lat' dir='ltr'>Veronensi</span> <span class='ocrx_word' id='word_1_636' title='bbox 1527 5032 1578 5074; x_wconf 87' lang='lat' dir='ltr'>ros.</span> <span class='ocrx_word' id='word_1_637' title='bbox 1593 5015 1746 5087; x_wconf 85' lang='lat' dir='ltr'>supplendo</span> 
     </span>
     <span class='ocr_line' id='line_1_54' title="bbox 149 5093 1174 5148; baseline 0.002 -6"><span class='ocrx_word' id='word_1_638' title='bbox 149 5103 189 5143; x_wconf 91' lang='lat' dir='ltr'>ur.</span> <span class='ocrx_word' id='word_1_639' title='bbox 953 5093 1003 5148; x_wconf 85' lang='lat' dir='ltr'>tiro</span> <span class='ocrx_word' id='word_1_640' title='bbox 1017 5109 1034 5148; x_wconf 93' lang='grc' dir='ltr'>ο</span> <span class='ocrx_word' id='word_1_641' title='bbox 1048 5107 1060 5147; x_wconf 86' lang='lat' dir='ltr'>s</span> <span class='ocrx_word' id='word_1_642' title='bbox 1081 5093 1174 5148; x_wconf 88' lang='lat' dir='ltr'>atium.</span> 
     </span>
     <span class='ocr_line' id='line_1_55' title="bbox 137 5108 1746 5235; baseline -0.001 -20"><span class='ocrx_word' id='word_1_643' title='bbox 137 5168 148 5196; x_wconf 71' lang='lat'><em>⁶</em></span> <span class='ocrx_word' id='word_1_644' title='bbox 168 5157 286 5216; x_wconf 81' lang='lat' dir='ltr'>Rectius</span> <span class='ocrx_word' id='word_1_645' title='bbox 298 5157 440 5216; x_wconf 79' lang='lat' dir='ltr'>Palatinus</span> <span class='ocrx_word' id='word_1_646' title='bbox 451 5175 504 5216; x_wconf 87' lang='lat' dir='ltr'>ms.</span> <span class='ocrx_word' id='word_1_647' title='bbox 516 5175 579 5216; x_wconf 91' lang='lat' dir='ltr'>eum</span> <span class='ocrx_word' id='word_1_648' title='bbox 590 5161 671 5218; x_wconf 90' lang='lat' dir='ltr'>obelo</span> <span class='ocrx_word' id='word_1_649' title='bbox 684 5161 770 5232; x_wconf 86' lang='lat' dir='ltr'>ipsam</span> <span class='ocrx_word' id='word_1_650' title='bbox 784 5175 807 5219; x_wconf 85' lang='lat' dir='ltr'>et</span> <span class='ocrx_word' id='word_1_651' title='bbox 818 5179 902 5234; x_wconf 83' lang='lat' dir='ltr'>copo·</span> <span class='ocrx_word' id='word_1_652' title='bbox 992 5173 1005 5212; x_wconf 67' lang='grc' dir='ltr'><strong><em>ε</em></strong></span> <span class='ocrx_word' id='word_1_653' title='bbox 1026 5108 1158 5235; x_wconf 46' lang='lat' dir='ltr'>eurinome</span> <span class='ocrx_word' id='word_1_654' title='bbox 1174 5162 1324 5220; x_wconf 71' lang='lat' dir='ltr'>veronens.</span> <span class='ocrx_word' id='word_1_655' title='bbox 1340 5175 1404 5228; x_wconf 74' lang='lat' dir='ltr'>me,</span> <span class='ocrx_word' id='word_1_656' title='bbox 1427 5159 1584 5229; x_wconf 78' lang='lat' dir='ltr'>epredieris,</span> <span class='ocrx_word' id='word_1_657' title='bbox 1613 5167 1640 5214; x_wconf 90' lang='lat' dir='ltr'>et</span> <span class='ocrx_word' id='word_1_658' title='bbox 1662 5173 1746 5227; x_wconf 86' lang='lat' dir='ltr'>mox,</span> 
     </span>
     <span class='ocr_line' id='line_1_56' title="bbox 107 5225 1778 5307; baseline 0.002 -25"><span class='ocrx_word' id='word_1_659' title='bbox 107 5225 369 5298; x_wconf 75' lang='lat' dir='ltr'>lumpretnrminit.</span> <span class='ocrx_word' id='word_1_660' title='bbox 390 5229 446 5288; x_wconf 80' lang='lat' dir='ltr'>nnn</span> <span class='ocrx_word' id='word_1_661' title='bbox 461 5231 623 5306; x_wconf 74' lang='lat' dir='ltr'>diapsalma,</span> <span class='ocrx_word' id='word_1_662' title='bbox 645 5235 718 5304; x_wconf 82' lang='lat' dir='ltr'>qrtod</span> <span class='ocrx_word' id='word_1_663' title='bbox 736 5233 799 5291; x_wconf 88' lang='lat' dir='ltr'>inuie</span> <span class='ocrx_word' id='word_1_664' title='bbox 813 5235 900 5291; x_wconf 81' lang='lat' dir='ltr'>tersi·</span> <span class='ocrx_word' id='word_1_665' title='bbox 957 5236 1155 5307; x_wconf 67' lang='lat' dir='ltr'>transgredieris</span> <span class='ocrx_word' id='word_1_666' title='bbox 1179 5236 1207 5289; x_wconf 92' lang='lat' dir='ltr'>in</span> <span class='ocrx_word' id='word_1_667' title='bbox 1230 5233 1350 5294; x_wconf 75' lang='lat' dir='ltr'>deserta,</span> <span class='ocrx_word' id='word_1_668' title='bbox 1375 5247 1462 5302; x_wconf 86' lang='lat' dir='ltr'>neque</span> <span class='ocrx_word' id='word_1_669' title='bbox 1486 5228 1560 5286; x_wconf 77' lang='lat' dir='ltr'>suddit</span> <span class='ocrx_word' id='word_1_670' title='bbox 1584 5229 1748 5302; x_wconf 86' lang='lat' dir='ltr'>Diapsalma.</span> <span class='ocrx_word' id='word_1_671' title='bbox 1774 5235 1778 5242; x_wconf 90' lang='lat'>&#39;</span> 
     </span>
     <span class='ocr_line' id='line_1_57' title="bbox 108 5298 1749 5378; baseline 0.004 -28"><span class='ocrx_word' id='word_1_672' title='bbox 108 5298 163 5353; x_wconf 81' lang='lat' dir='ltr'>tuln</span> <span class='ocrx_word' id='word_1_673' title='bbox 171 5301 198 5354; x_wconf 92' lang='lat' dir='ltr'>in</span> <span class='ocrx_word' id='word_1_674' title='bbox 214 5301 368 5358; x_wconf 67' lang='lat' dir='ltr'>Nsmianaei</span> <span class='ocrx_word' id='word_1_675' title='bbox 380 5302 501 5360; x_wconf 89' lang='lat' dir='ltr'>editione</span> <span class='ocrx_word' id='word_1_676' title='bbox 516 5303 687 5374; x_wconf 73' lang='lat' dir='ltr'>subjunctum</span> <span class='ocrx_word' id='word_1_677' title='bbox 698 5317 768 5370; x_wconf 78' lang='lat' dir='ltr'>erat,</span> <span class='ocrx_word' id='word_1_678' title='bbox 782 5307 816 5362; x_wconf 84' lang='lat' dir='ltr'>ad</span> <span class='ocrx_word' id='word_1_679' title='bbox 830 5305 904 5378; x_wconf 83' lang='lat' dir='ltr'>ejus·</span> <span class='ocrx_word' id='word_1_680' title='bbox 956 5305 1138 5377; x_wconf 81' lang='lat' dir='ltr'>Solssespsenti</span> <span class='ocrx_word' id='word_1_681' title='bbox 1153 5320 1243 5366; x_wconf 87' lang='lat' dir='ltr'>uersu.</span> <span class='ocrx_word' id='word_1_682' title='bbox 1257 5303 1351 5372; x_wconf 76' lang='lat' dir='ltr'>asneis</span> <span class='ocrx_word' id='word_1_683' title='bbox 1362 5299 1512 5368; x_wconf 81' lang='lat' dir='ltr'>Dei-Sinni,</span> <span class='ocrx_word' id='word_1_684' title='bbox 1525 5316 1575 5371; x_wconf 90' lang='lat' dir='ltr'>pro</span> <span class='ocrx_word' id='word_1_685' title='bbox 1585 5319 1657 5356; x_wconf 83' lang='lat' dir='ltr'>matrs</span> <span class='ocrx_word' id='word_1_686' title='bbox 1670 5303 1749 5366; x_wconf 82' lang='lat' dir='ltr'>Sina,</span> 
     </span>
     <span class='ocr_line' id='line_1_58' title="bbox 113 5367 1749 5450; baseline 0.002 -26"><span class='ocrx_word' id='word_1_687' title='bbox 113 5367 170 5424; x_wconf 87' lang='lat' dir='ltr'>dem</span> <span class='ocrx_word' id='word_1_688' title='bbox 192 5387 264 5437; x_wconf 84' lang='lat' dir='ltr'>ms.,</span> <span class='ocrx_word' id='word_1_689' title='bbox 281 5383 338 5429; x_wconf 74' lang='lat' dir='ltr'>tun</span> <span class='ocrx_word' id='word_1_690' title='bbox 355 5375 475 5431; x_wconf 85' lang='lat' dir='ltr'>maxime</span> <span class='ocrx_word' id='word_1_691' title='bbox 490 5373 594 5432; x_wconf 80' lang='lat' dir='ltr'>llebrsoi</span> <span class='ocrx_word' id='word_1_692' title='bbox 608 5385 709 5444; x_wconf 78' lang='lat' dir='ltr'>textus,</span> <span class='ocrx_word' id='word_1_693' title='bbox 724 5387 805 5450; x_wconf 81' lang='lat' dir='ltr'>atque</span> <span class='ocrx_word' id='word_1_694' title='bbox 819 5377 904 5450; x_wconf 89' lang='lat' dir='ltr'>ipsius</span> <span class='ocrx_word' id='word_1_695' title='bbox 957 5377 1030 5448; x_wconf 79' lang='lat' dir='ltr'>quod</span> <span class='ocrx_word' id='word_1_696' title='bbox 1051 5379 1085 5434; x_wconf 88' lang='lat' dir='ltr'>ab</span> <span class='ocrx_word' id='word_1_697' title='bbox 1101 5375 1249 5446; x_wconf 84' lang='lat' dir='ltr'>exemplari</span> <span class='ocrx_word' id='word_1_698' title='bbox 1264 5389 1314 5431; x_wconf 87' lang='lat' dir='ltr'>suo</span> <span class='ocrx_word' id='word_1_699' title='bbox 1336 5372 1483 5429; x_wconf 74' lang='lat' dir='ltr'>abliorrere</span> <span class='ocrx_word' id='word_1_700' title='bbox 1497 5373 1555 5442; x_wconf 89' lang='lat' dir='ltr'>ipse</span> <span class='ocrx_word' id='word_1_701' title='bbox 1569 5371 1749 5444; x_wconf 75' lang='lat' dir='ltr'>oritatdugu-</span> 
     </span>
     <span class='ocr_line' id='line_1_59' title="bbox 108 5437 1751 5518; baseline 0.003 -23"><span class='ocrx_word' id='word_1_702' title='bbox 108 5437 194 5498; x_wconf 75' lang='lat' dir='ltr'>cnon</span> <span class='ocrx_word' id='word_1_703' title='bbox 209 5441 293 5500; x_wconf 85' lang='lat' dir='ltr'>iidem</span> <span class='ocrx_word' id='word_1_704' title='bbox 309 5449 500 5518; x_wconf 82' lang='lat' dir='ltr'>espusrximns.</span> <span class='ocrx_word' id='word_1_705' title='bbox 957 5449 1056 5516; x_wconf 78' lang='lat' dir='ltr'>stiores,</span> <span class='ocrx_word' id='word_1_706' title='bbox 1073 5451 1116 5505; x_wconf 91' lang='lat' dir='ltr'>ubi</span> <span class='ocrx_word' id='word_1_707' title='bbox 1130 5447 1178 5514; x_wconf 85' lang='lat' dir='ltr'>ait,</span> <span class='ocrx_word' id='word_1_708' title='bbox 1194 5445 1307 5513; x_wconf 85' lang='lat' dir='ltr'>eridnm</span> <span class='ocrx_word' id='word_1_709' title='bbox 1319 5443 1419 5498; x_wconf 81' lang='lat' dir='ltr'>cedices</span> <span class='ocrx_word' id='word_1_710' title='bbox 1431 5453 1453 5500; x_wconf 90' lang='lat' dir='ltr'>et</span> <span class='ocrx_word' id='word_1_711' title='bbox 1467 5443 1552 5500; x_wconf 82' lang='lat' dir='ltr'>Latini</span> <span class='ocrx_word' id='word_1_712' title='bbox 1564 5455 1588 5498; x_wconf 86' lang='lat' dir='ltr'>et</span> <span class='ocrx_word' id='word_1_713' title='bbox 1600 5444 1685 5500; x_wconf 76' lang='lat' dir='ltr'>Greci</span> <span class='ocrx_word' id='word_1_714' title='bbox 1698 5460 1751 5500; x_wconf 90' lang='lat' dir='ltr'>nan</span> 
     </span>
     <span class='ocr_line' id='line_1_60' title="bbox 142 5509 1751 5596; baseline 0.002 -29"><span class='ocrx_word' id='word_1_715' title='bbox 142 5509 330 5596; x_wconf 31' lang='lat' dir='ltr'>indepravata</span> <span class='ocrx_word' id='word_1_716' title='bbox 351 5515 433 5572; x_wconf 87' lang='lat' dir='ltr'>docet</span> <span class='ocrx_word' id='word_1_717' title='bbox 452 5516 635 5591; x_wconf 84' lang='lat' dir='ltr'>llieronyrnus</span> <span class='ocrx_word' id='word_1_718' title='bbox 647 5519 842 5592; x_wconf 75' lang='lat' dir='ltr'>exemplaria,</span> <span class='ocrx_word' id='word_1_719' title='bbox 857 5519 904 5578; x_wconf 90' lang='lat' dir='ltr'>ubi</span> <span class='ocrx_word' id='word_1_720' title='bbox 957 5520 1070 5576; x_wconf 76' lang='lat' dir='ltr'>nabent:</span> <span class='ocrx_word' id='word_1_721' title='bbox 1094 5535 1171 5575; x_wconf 89' lang='lat' dir='ltr'>mons</span> <span class='ocrx_word' id='word_1_722' title='bbox 1184 5517 1267 5574; x_wconf 88' lang='lat' dir='ltr'>Sina:</span> <span class='ocrx_word' id='word_1_723' title='bbox 1287 5517 1343 5577; x_wconf 77' lang='lat' dir='ltr'>sed.</span> <span class='ocrx_word' id='word_1_724' title='bbox 1366 5529 1379 5566; x_wconf 90' lang='lat' dir='ltr'>a</span> <span class='ocrx_word' id='word_1_725' title='bbox 1396 5513 1465 5572; x_wconf 77' lang='lat' dir='ltr'>lucie</span> <span class='ocrx_word' id='word_1_726' title='bbox 1481 5515 1530 5573; x_wconf 85' lang='lat' dir='ltr'>llei</span> <span class='ocrx_word' id='word_1_727' title='bbox 1552 5517 1636 5582; x_wconf 88' lang='lat' dir='ltr'>Sina,</span> <span class='ocrx_word' id='word_1_728' title='bbox 1652 5531 1667 5570; x_wconf 86' lang='lat' dir='ltr'>a</span> <span class='ocrx_word' id='word_1_729' title='bbox 1683 5515 1751 5571; x_wconf 83' lang='lat' dir='ltr'>lucie</span> 
     </span>
     <span class='ocr_line' id='line_1_61' title="bbox 110 5584 1751 5657; baseline 0.002 -20"><span class='ocrx_word' id='word_1_730' title='bbox 110 5594 266 5653; x_wconf 75' lang='lat' dir='ltr'>mapuuetso</span> <span class='ocrx_word' id='word_1_731' title='bbox 285 5597 310 5643; x_wconf 84' lang='lat' dir='ltr'>et</span> <span class='ocrx_word' id='word_1_732' title='bbox 331 5602 387 5642; x_wconf 91' lang='lat' dir='ltr'>non</span> <span class='ocrx_word' id='word_1_733' title='bbox 402 5587 503 5655; x_wconf 70' lang='lat' dir='ltr'>lentur</span> <span class='ocrx_word' id='word_1_734' title='bbox 523 5605 531 5642; x_wconf 72' lang='grc' dir='ltr'><strong><em>ε</em></strong></span> <span class='ocrx_word' id='word_1_735' title='bbox 554 5591 595 5646; x_wconf 87' lang='lat' dir='ltr'>sie</span> <span class='ocrx_word' id='word_1_736' title='bbox 614 5593 686 5647; x_wconf 83' lang='lat' dir='ltr'>enirn</span> <span class='ocrx_word' id='word_1_737' title='bbox 710 5593 846 5648; x_wconf 84' lang='lat' dir='ltr'>scribebat</span> <span class='ocrx_word' id='word_1_738' title='bbox 869 5589 904 5648; x_wconf 88' lang='lat' dir='ltr'>ad</span> <span class='ocrx_word' id='word_1_739' title='bbox 958 5589 1005 5645; x_wconf 85' lang='lat' dir='ltr'>Dei</span> <span class='ocrx_word' id='word_1_740' title='bbox 1020 5591 1114 5648; x_wconf 88' lang='lat' dir='ltr'>lsrael.</span> <span class='ocrx_word' id='word_1_741' title='bbox 1129 5588 1239 5648; x_wconf 82' lang='lat' dir='ltr'>Verum,</span> <span class='ocrx_word' id='word_1_742' title='bbox 1259 5594 1290 5642; x_wconf 90' lang='lat' dir='ltr'>ut</span> <span class='ocrx_word' id='word_1_743' title='bbox 1310 5584 1439 5652; x_wconf 85' lang='lat' dir='ltr'>diximus,</span> <span class='ocrx_word' id='word_1_744' title='bbox 1456 5585 1525 5654; x_wconf 80' lang='lat' dir='ltr'>baec,</span> <span class='ocrx_word' id='word_1_745' title='bbox 1541 5603 1601 5657; x_wconf 80' lang='lat' dir='ltr'>ntum</span> <span class='ocrx_word' id='word_1_746' title='bbox 1617 5587 1751 5656; x_wconf 87' lang='lat' dir='ltr'>posterior</span> 
     </span>
     <span class='ocr_line' id='line_1_62' title="bbox 111 5650 1751 5735; baseline 0.001 -27"><span class='ocrx_word' id='word_1_747' title='bbox 111 5650 195 5709; x_wconf 82' lang='lat' dir='ltr'>Sanun.</span> <span class='ocrx_word' id='word_1_748' title='bbox 211 5667 240 5710; x_wconf 87' lang='lat' dir='ltr'>es</span> <span class='ocrx_word' id='word_1_749' title='bbox 261 5656 361 5714; x_wconf 78' lang='lat' dir='ltr'>ilretel.</span> <span class='ocrx_word' id='word_1_750' title='bbox 381 5675 387 5712; x_wconf 94' lang='lat'>:</span> <span class='ocrx_word' id='word_1_751' title='bbox 404 5656 543 5715; x_wconf 82' lang='lat' dir='ltr'>Easultatc</span> <span class='ocrx_word' id='word_1_752' title='bbox 557 5661 586 5716; x_wconf 89' lang='lat' dir='ltr'>in</span> <span class='ocrx_word' id='word_1_753' title='bbox 605 5672 740 5734; x_wconf 83' lang='lat' dir='ltr'>conspeetu</span> <span class='ocrx_word' id='word_1_754' title='bbox 755 5667 811 5735; x_wconf 83' lang='lat' dir='ltr'>ejus</span> <span class='ocrx_word' id='word_1_755' title='bbox 830 5679 839 5721; x_wconf 86' lang='lat'>:</span> <span class='ocrx_word' id='word_1_756' title='bbox 856 5678 905 5733; x_wconf 91' lang='lat' dir='ltr'>pro</span> <span class='ocrx_word' id='word_1_757' title='bbox 957 5677 1054 5716; x_wconf 86' lang='lat' dir='ltr'>manus</span> <span class='ocrx_word' id='word_1_758' title='bbox 1067 5661 1215 5732; x_wconf 87' lang='lat' dir='ltr'>supplerit,</span> <span class='ocrx_word' id='word_1_759' title='bbox 1231 5658 1297 5714; x_wconf 89' lang='lat' dir='ltr'>lolia</span> <span class='ocrx_word' id='word_1_760' title='bbox 1308 5658 1342 5712; x_wconf 91' lang='lat' dir='ltr'>ab</span> <span class='ocrx_word' id='word_1_761' title='bbox 1355 5657 1426 5714; x_wconf 83' lang='lat' dir='ltr'>alius</span> <span class='ocrx_word' id='word_1_762' title='bbox 1437 5658 1603 5714; x_wconf 85' lang='lat' dir='ltr'>recensionis</span> <span class='ocrx_word' id='word_1_763' title='bbox 1618 5657 1688 5712; x_wconf 79' lang='lat' dir='ltr'>libro</span> <span class='ocrx_word' id='word_1_764' title='bbox 1700 5655 1751 5712; x_wconf 90' lang='lat' dir='ltr'>de·</span> 
     </span>
     <span class='ocr_line' id='line_1_63' title="bbox 110 5727 1750 5806; baseline 0.002 -28"><span class='ocrx_word' id='word_1_765' title='bbox 110 5739 163 5792; x_wconf 80' lang='lat' dir='ltr'>nuo</span> <span class='ocrx_word' id='word_1_766' title='bbox 178 5727 204 5782; x_wconf 91' lang='lat' dir='ltr'>io</span> <span class='ocrx_word' id='word_1_767' title='bbox 216 5727 313 5785; x_wconf 79' lang='lat' dir='ltr'>Graec</span> <span class='ocrx_word' id='word_1_768' title='bbox 333 5729 470 5786; x_wconf 85' lang='lat' dir='ltr'>issrenisse</span> <span class='ocrx_word' id='word_1_769' title='bbox 484 5745 533 5786; x_wconf 83' lang='lat' dir='ltr'>tos</span> <span class='ocrx_word' id='word_1_770' title='bbox 545 5732 652 5800; x_wconf 86' lang='lat' dir='ltr'>dicitis,</span> <span class='ocrx_word' id='word_1_771' title='bbox 669 5731 705 5788; x_wconf 78' lang='lat' dir='ltr'>iit</span> <span class='ocrx_word' id='word_1_772' title='bbox 727 5736 854 5790; x_wconf 74' lang='lat' dir='ltr'>rmnltuse</span> <span class='ocrx_word' id='word_1_773' title='bbox 877 5733 903 5788; x_wconf 85' lang='lat' dir='ltr'>iu</span> <span class='ocrx_word' id='word_1_774' title='bbox 956 5731 1058 5799; x_wconf 68' lang='lat' dir='ltr'>scripula</span> <span class='ocrx_word' id='word_1_775' title='bbox 1072 5743 1151 5797; x_wconf 77' lang='lat' dir='ltr'>stunt,</span> <span class='ocrx_word' id='word_1_776' title='bbox 1174 5745 1235 5803; x_wconf 79' lang='lat' dir='ltr'>quas</span> <span class='ocrx_word' id='word_1_777' title='bbox 1249 5730 1317 5789; x_wconf 79' lang='lat' dir='ltr'>adca</span> <span class='ocrx_word' id='word_1_778' title='bbox 1332 5743 1492 5806; x_wconf 74' lang='lat' dir='ltr'>comparare</span> <span class='ocrx_word' id='word_1_779' title='bbox 1506 5745 1568 5788; x_wconf 84' lang='lat' dir='ltr'>cum</span> <span class='ocrx_word' id='word_1_780' title='bbox 1583 5729 1750 5802; x_wconf 77' lang='lat' dir='ltr'>Augustino,</span> 
     </span>
     <span class='ocr_line' id='line_1_64' title="bbox 113 5800 1156 5874; baseline 0.012 -26"><span class='ocrx_word' id='word_1_781' title='bbox 113 5807 251 5868; x_wconf 82' lang='lat' dir='ltr'>conspeetu</span> <span class='ocrx_word' id='word_1_782' title='bbox 266 5802 332 5870; x_wconf 79' lang='lat' dir='ltr'>ejus.</span> <span class='ocrx_word' id='word_1_783' title='bbox 349 5800 427 5868; x_wconf 84' lang='lat' dir='ltr'>Quod</span> <span class='ocrx_word' id='word_1_784' title='bbox 443 5802 480 5858; x_wconf 88' lang='lat' dir='ltr'>itu</span> <span class='ocrx_word' id='word_1_785' title='bbox 494 5817 603 5859; x_wconf 85' lang='lat' dir='ltr'>rersrrm</span> <span class='ocrx_word' id='word_1_786' title='bbox 617 5813 730 5861; x_wconf 78' lang='lat' dir='ltr'>estete</span> <span class='ocrx_word' id='word_1_787' title='bbox 744 5807 841 5874; x_wconf 88' lang='lat' dir='ltr'>nubis,</span> <span class='ocrx_word' id='word_1_788' title='bbox 856 5803 905 5862; x_wconf 91' lang='lat' dir='ltr'>sed</span> <span class='ocrx_word' id='word_1_789' title='bbox 956 5802 1022 5864; x_wconf 81' lang='lat' dir='ltr'>niun</span> <span class='ocrx_word' id='word_1_790' title='bbox 1035 5805 1156 5863; x_wconf 81' lang='lat' dir='ltr'>istldresi.</span> 
     </span>
     <span class='ocr_line' id='line_1_65' title="bbox 116 5871 904 5954; baseline 0.016 -31"><span class='ocrx_word' id='word_1_791' title='bbox 116 5878 196 5942; x_wconf 77' lang='lat' dir='ltr'>anun</span> <span class='ocrx_word' id='word_1_792' title='bbox 208 5871 237 5928; x_wconf 89' lang='lat' dir='ltr'>ln</span> <span class='ocrx_word' id='word_1_793' title='bbox 248 5871 341 5928; x_wconf 87' lang='lat' dir='ltr'>codiee</span> <span class='ocrx_word' id='word_1_794' title='bbox 352 5881 444 5928; x_wconf 85' lang='lat' dir='ltr'>uestro</span> <span class='ocrx_word' id='word_1_795' title='bbox 454 5885 613 5946; x_wconf 78' lang='lat' dir='ltr'>corruptum</span> <span class='ocrx_word' id='word_1_796' title='bbox 626 5877 673 5948; x_wconf 92' lang='lat' dir='ltr'>sit,</span> <span class='ocrx_word' id='word_1_797' title='bbox 688 5877 759 5937; x_wconf 86' lang='lat' dir='ltr'>scire</span> <span class='ocrx_word' id='word_1_798' title='bbox 774 5891 828 5936; x_wconf 90' lang='lat' dir='ltr'>uon</span> <span class='ocrx_word' id='word_1_799' title='bbox 840 5891 904 5954; x_wconf 81' lang='lat' dir='ltr'>pos·</span> 
     </span>
    </p>
   </div>
   <div class='ocr_carea' id='block_1_9' title="bbox 261 5967 1758 6034">
    <p class='ocr_par' dir='ltr' id='par_1_11' title="bbox 261 5967 1758 6034">
     <span class='ocr_line' id='line_1_66' title="bbox 261 5967 1758 6034; baseline 0.008 -4"><span class='ocrx_word' id='word_1_800' title='bbox 261 5967 397 6032; x_wconf 80' lang='lat' dir='ltr'>lemos.</span> <span class='ocrx_word' id='word_1_801' title='bbox 418 5967 545 6033; x_wconf 82' lang='lat' dir='ltr'>xxix.</span> <span class='ocrx_word' id='word_1_802' title='bbox 1619 5969 1640 6034; x_wconf 85' lang='lat'>8</span> <span class='ocrx_word' id='word_1_803' title='bbox 1753 5997 1758 6019; x_wconf 63' lang='grc' dir='ltr'>ι</span> 
     </span>
    </p>
   </div>
   <div class='ocr_carea' id='block_1_10' title="bbox 0 0 2025 6324">
    <p class='ocr_par' dir='ltr' id='par_1_12' title="bbox 0 0 2025 6324">
     <span class='ocr_line' id='line_1_67' title="bbox 0 0 2025 6324; baseline 0 0"><span class='ocrx_word' id='word_1_804' title='bbox 0 0 2025 6324; x_wconf 95' lang='lat' dir='ltr'> </span> 
     </span>
    </p>
   </div>
  </div>
 </body>
</html>
