4017 6334
244 357 297 416 did
751 355 782 417 8.
802 353 997 418 llltiltortttlt
1017 353 1134 416 ultttttt
1154 350 1391 415 utcttorttecs.
1768 391 1770 394 -
1846 356 1897 414 stit

243 475 364 533 funditur
374 476 447 533 licus
461 477 553 535 vocari
566 478 640 534 licus
651 489 745 536 eorum
759 492 766 530 :
782 473 889 546 pararit
903 471 977 532 enim
990 470 1083 536 illisa
1097 479 1188 530 catum
1208 479 1414 545 repugnantes:
1431 479 1458 528 et
1481 471 1559 528 obiiti
1587 470 1654 528 estis
1679 471 1897 541 consolationis,

244 570 395 628 civitatem.
410 569 477 628 lide
487 571 587 629 obtulit
597 569 734 628 straten
750 567 836 635 isaac,
850 582 913 624 cum
927 574 1047 622 tentare-
1098 581 1160 637 quse
1172 563 1250 622 nobis
1263 573 1399 638 tamquam
1421 561 1485 620 ftiiis
1498 563 1629 635 loquitur,
1643 561 1754 621 dicens:
1770 563 1824 621 Fili
1840 563 1897 634 nti,

244 672 300 732 tur,
316 676 342 721 et
355 662 524 738 unigenitum
537 661 690 730 offerebat,
710 661 755 734 qui
779 668 937 731 susceperat
950 671 1046 730 repro·
1099 657 1155 718 noli
1175 657 1312 732 negligere
1330 655 1501 730 disciplinam
1514 655 1644 720 Domini:
1664 673 1752 728 neque
1762 655 1895 734 fatigeris,

244 757 408 827 missiones;
432 753 466 812 ad
481 769 560 832 quern
577 755 680 811 dietum
694 763 755 810 est:
780 749 851 822 Quia
865 751 893 806 iu
907 749 984 808 lsaae
1001 763 1047 808 ro·
1098 747 1163 807 dum
1178 751 1212 806 air
1225 767 1258 806 eo
1272 749 1406 823 argueris.
1423 749 1509 822 Quent
1531 747 1604 810 eninr
1629 747 1719 824 diligit
1740 751 1897 822 bantinus,

244 849 352 908 cabitur
367 849 415 907 tibi
430 865 544 907 semen:
566 847 702 904 arbitrans
713 845 777 918 quia
789 854 846 901 eta
861 839 975 900 mortuis
987 856 1049 898 sus·
1098 846 1233 918 castigat:
1250 843 1368 918 flagellat
1383 852 1474 901 autum
1497 860 1605 902 ontnem
1631 843 1738 915 illiont,
1756 861 1840 919 quem
1857 861 1901 904 re·

245 942 332 1001 citare
355 951 507 1014 potensest
528 939 615 997 Deus:
631 937 702 996 unde
723 953 786 994 eunt
801 937 870 994 etin
890 934 1047 1010 parabolam
1099 937 1166 1008 cipit
1180 936 1245 1012 [iis.
1269 935 1397 1012 recepit].
1413 936 1599 1009 indisciplina
1622 949 1806 1010 perseverate.
1821 937 1903 996 Tatn-

245 1035 359 1107 accepit.
373 1033 442 1091 Fitlc
459 1042 487 1090 et
502 1033 536 1089 dc
551 1033 650 1090 futuris
673 1029 812 1090 benedixit
832 1027 924 1098 isaac,
940 1026 1047 1098 iacob,
1099 1046 1180 1104 quarn
1197 1029 1260 1088 iliis
1283 1030 1362 1087 uobis
1376 1029 1458 1089 odert
1481 1045 1510 1088 se
1534 1029 1624 1089 fieus:
1640 1031 1702 1105 quis
1716 1029 1789 1088 euim
1810 1032 1902 1100 untur,

244 1137 272 1184 et
288 1125 371 1183 Esau.
385 1125 452 1182 Fide
468 1125 565 1193 iacob,
580 1125 718 1192 moriens,
733 1122 854 1196 singulus
866 1121 983 1177 filiorum
998 1119 1049 1178 In·
1099 1139 1179 1194 quem
1194 1141 1247 1181 nun
1263 1125 1377 1196 corripit
1388 1135 1467 1197 pater
1480 1127 1493 1182 1
1507 1125 1584 1195 Quod
1599 1125 1622 1182 si
1638 1137 1714 1182 extra
1729 1125 1903 1197 disciplinam

244 1217 313 1292 sepb
334 1219 496 1278 benedixit:
520 1230 548 1278 et
571 1218 698 1274 adoratis
721 1215 857 1290 fastigium
880 1215 964 1286 rirgm
978 1211 1047 1286 ejus.
1099 1217 1177 1281 estis,
1193 1213 1271 1288 eujus
1287 1217 1436 1290 participes
1452 1217 1516 1275 facti
1528 1229 1591 1275 sunt
1606 1233 1720 1277 omnes:
1744 1234 1812 1294 ergo
1825 1219 1904 1278 adul·

243 1313 436 1384 Fideiosepb,
451 1311 584 1379 moriens,
602 1311 636 1370 de
651 1311 819 1383 profectione
835 1309 952 1364 liliorum
963 1305 1048 1362 lsrael
1099 1307 1164 1376 teri,
1179 1317 1207 1365 et
1222 1325 1275 1366 uon
1291 1309 1339 1366 tttit
1355 1311 1430 1367 estis.
1456 1309 1560 1368 Deinde
1572 1321 1663 1384 patres
1685 1309 1796 1386 quidem
1812 1315 1904 1370 carnis

243 1415 411 1464 memoratus
424 1418 485 1476 est,
502 1415 530 1464 et
554 1404 589 1462 do
603 1405 712 1461 ossibus
734 1403 789 1460 suis
807 1400 955 1458 tttondnnit.
982 1397 1049 1455 lide
1101 1411 1201 1458 nostrae
1214 1443 1222 1469 ,
1236 1399 1392 1482 eruditores
1407 1401 1566 1473 imbuimus,
1582 1413 1610 1461 et
1624 1405 1820 1462 reverebamur
1832 1421 1881 1462 aur
1896 1425 1904 1464 ς

245 1509 363 1584 Moyses,
380 1509 468 1573 natus,
483 1501 634 1558 occultatus
656 1509 698 1555 est
714 1497 853 1554 rrtettsilrtts
869 1495 954 1552 tribus
968 1511 984 1550 a
1001 1495 1050 1566 pa·
1101 1510 1156 1550 nun
1172 1493 1359 1570 multomagis
1374 1497 1623 1572 obictnperabimus
1640 1497 1713 1557 Patri
1733 1500 1880 1574 spirituum
1894 1543 1902 1569 ,

243 1602 366 1662 rentibus
376 1599 495 1663 suis;eo
510 1593 582 1667 quud
595 1593 729 1648 vidissent
739 1593 892 1662 elegantem
906 1587 1047 1653 infantem,
1100 1588 1283 1648 etviuetnusi
1305 1589 1340 1649 m
1363 1589 1402 1648 titi
1423 1593 1533 1668 quidem
1558 1593 1585 1650 in
1611 1605 1733 1668 ternpore
1753 1612 1904 1668 paucorum

244 1708 336 1758 sinon
351 1695 500 1750 timuerunt
513 1685 725 1761 regiscdiotum.
739 1683 807 1741 flue
821 1681 1048 1758 lloysesgrandis
1100 1683 1227 1754 dicrum,
1260 1685 1410 1743 secundum
1444 1687 1610 1746 voluntatem
1640 1705 1717 1747 suam
1742 1691 1906 1748 arripiebant

241 1793 332 1850 factus
348 1786 457 1860 negauit
469 1799 500 1840 se
512 1796 573 1837 esse
590 1779 674 1836 mium
700 1777 763 1832 lttin
777 1774 945 1841 Pharaonis,
962 1771 1048 1844 tnagis
1102 1793 1152 1832 nos
1166 1794 1173 1835 ε
1188 1779 1232 1833 ltic
1246 1789 1336 1838 autern
1352 1780 1385 1835 nd
1402 1780 1445 1848 itl,
1462 1782 1534 1854 quod
1558 1782 1625 1841 utils
1639 1794 1679 1844 esi
1694 1785 1722 1842 in
1745 1787 1905 1858 recipiemlu

244 1887 349 1958 eligens
363 1881 446 1950 affligi
461 1893 523 1935 cum
536 1871 706 1948 popuiobei,
721 1885 802 1945 quam
819 1865 976 1942 temporalis
986 1881 1048 1937 pec·
1066 1863 1346 1929 Bsanetiftcationetn
1367 1873 1436 1944 ejtrs.
1454 1875 1549 1934 tironis
1572 1887 1662 1936 autem
1682 1877 1850 1954 disciplina,
1879 1883 1906 1938 itt

244 1978 299 2035 enti
317 1976 417 2032 trabere
428 1969 640 2044 jucunditatem,
655 1965 773 2034 majores
786 1961 897 2018 diuitias
911 1960 1050 2015 aestimans
1100 1966 1232 2040 presenti
1248 1967 1357 2040 quidem
1374 1967 1481 2028 uidetur
1496 1985 1550 2027 non
1563 1987 1625 2030 esse
1645 1975 1753 2047 gaudii,
1770 1976 1821 2032 sed
1839 1991 1908 2033 mur.

244 2071 374 2128 ¹¹¹0⁸³¹¹f⁰
398 2064 608 2139 AEgpptiornm,
623 2055 818 2130 infimi)elium
841 2050 962 2108 thiifii
978 2051 1052 2122 15111·
1102 2059 1193 2114 roris:
1210 2070 1303 2130 postea
1314 2073 1405 2119 autctn
1418 2063 1535 2121 fruemur
1547 2067 1752 2138 pacatissimum
1767 2067 1837 2144 [ils.
1856 2085 1906 2142 po-

243 2163 335 2222 ciebat
352 2153 738 2217 eniminremunerationem.
757 2139 1051 2215 rtdcrcliuuttfflgn·
1103 2153 1253 2228 tissimum}
1290 2157 1451 2213 exercitatis
1479 2174 1531 2232 per
1562 2175 1623 2216 eant
1651 2159 1743 2218 reddit
1773 2163 1903 2235 justitian.

243 2265 333 2330 ptum,
357 2269 411 2310 non
433 2253 536 2308 ueritus
554 2245 756 2303 animositatem
772 2239 846 2315 regis
861 2260 868 2294 :
883 2237 1050 2296 invisibilem
1101 2235 1218 2316 Propter
1230 2248 1322 2320 quod,
1345 2251 1476 2309 remissas
1503 2267 1623 2321 manus,
1648 2262 1676 2312 et
1700 2255 1789 2313 soluta
1818 2273 1905 2329 genua

244 2349 319 2408 enim
331 2357 469 2419 umquam
483 2339 579 2398 uidens
591 2336 731 2396 sustinuit.
743 2333 811 2391 Fide
821 2331 969 2391 celebrarit
984 2329 1050 2388 Pas·
1101 2337 1209 2412 erigite,
1227 2349 1253 2396 et
1268 2356 1377 2413 gressus
1391 2353 1481 2400 rectos
1495 2343 1577 2404 facite
1602 2347 1716 2420 pedibus
1730 2352 1856 2420 restris.
1875 2360 1907 2410 ut

243 2440 315 2509 elta,
331 2447 359 2496 et
380 2431 520 2510 sanguinis
532 2430 714 2490 effusionem:
740 2441 775 2482 ne
789 2424 980 2496 tpui'sastabat
994 2422 1052 2497 pri·
1102 2449 1155 2490 uun
1182 2433 1338 2492 mamimus
1362 2437 1423 2509 quis
1446 2449 1528 2510 erret,
1556 2441 1643 2516 magis
1657 2452 1749 2500 autem
1774 2455 1904 2504 sanetur.

243 2533 349 2600 mitit-a,
366 2539 490 2602 tangeret
503 2539 561 2583 eos.
576 2521 643 2582 rute
656 2519 828 2578 transierunt
839 2532 914 2574 mare
926 2514 1049 2573 sacrun
1102 2523 1199 2582 Pacem
1227 2527 1368 2602 sequimini
1392 2545 1453 2588 cum
1476 2533 1615 2606 omnibus,
1629 2545 1657 2594 et
1681 2540 1905 2608 sanctimoniam,

243 2638 381 2698 remquam
396 2639 445 2696 per
460 2621 563 2678 aridam
580 2627 694 2682 terrant,
708 2611 782 2689 quod
800 2612 906 2684 experti
916 2607 1048 2684 Egyptii,
1101 2617 1161 2675 nine
1176 2635 1229 2692 nna
1258 2637 1339 2678 uento
1364 2623 1465 2681 ridebit
1489 2629 1593 2684 Deum:
1619 2631 1858 2704 contemplantes,
1873 2651 1908 2691 uu

243 2721 368 2780 devorati
382 2725 456 2776 snut.
487 2713 556 2774 Fide
570 2713 641 2770 muri
662 2709 774 2769 lericbo
797 2714 977 2774 eorruemnt,
992 2705 1048 2762 cir·
1100 2713 1162 2786 quis
1186 2711 1259 2768 desit
1277 2715 1373 2786 gratim
1395 2715 1460 2772 ilei:
1484 2735 1520 2776 ue
1544 2734 1596 2791 qua
1619 2719 1696 2777 radix
1714 2723 1908 2782 amaritudinis

244 2815 318 2872 cuitu
330 2813 437 2872 dierum
448 2805 640 2882 septeml'ide
649 2801 746 2864 Rabrir
757 2799 889 2859 meretrix
902 2814 957 2856 non
968 2799 1050 2872 periit
1100 2823 1208 2863 unsrun
1222 2806 1382 2880 gerasimus
1406 2811 1546 2886 impediat,
1560 2823 1588 2870 et
1599 2829 1649 2888 per
1664 2814 1739 2872 illam
1753 2819 1908 2890 inquiren,

243 2923 306 2966 cutn
332 2902 500 2975 incredulis,
524 2899 665 2970 excipiens
689 2895 878 2972 exploratores
892 2908 953 2949 eutn
968 2907 1048 2966 paec.
1102 2912 1145 2958 tnr
1160 2899 1247 2957 multi.
1264 2899 1372 2976 Nequis
1381 2903 1540 2978 fornicator,
1552 2915 1598 2964 aut
1609 2908 1750 2979 profanus,
1765 2921 1796 2966 ut
1811 2912 1906 2972 Esar„

244 2999 279 3057 Et
303 2997 368 3070 qttid
394 2997 484 3054 adbuc
505 2991 619 3050 dicam?
644 2987 758 3047 Deficiet
778 2989 850 3046 enim
876 3003 919 3045 me
942 2999 1049 3058 ternpus
1100 2993 1145 3066 qui
1167 3003 1281 3068 propper
1304 3011 1385 3052 „nam
1412 3012 1503 3056 escam
1529 2997 1651 3057 vendidi,
1676 3001 1817 3074 primm„
1844 3019 1906 3062 sua·
1940 3056 1944 3065 Ι

242 3099 418 3148 0111111181]
430 3085 609 3158 (Ῑθῧθᾱθθῐῑι
638 3081 745 3152 Bnrae,
768 3081 902 3147 S²¹¹¹⁸⁰¹¹‚
927 3077 1045 3150 repnte,
1101 3081 1205 3141 Scitote
1226 3087 1299 3142 enim
1314 3087 1442 3160 quoniam
1458 3097 1483 3147 et
1500 3099 1595 3161 postea
1609 3092 1722 3164 cupiens
1737 3092 1908 3156 ltaeretlirara

242 3182 340 3254 David,
355 3181 478 3248 Samuel,
494 3187 522 3235 et
532 3174 691 3249 prophetis:
705 3172 751 3246 qui
766 3188 815 3243 per
828 3170 909 3228 ddum
921 3171 1048 3228 vicerunt
1101 3175 1337 3250 peranteriorum,
1364 3183 1527 3252 reprobatus
1554 3193 1618 3242 ωε
1639 3201 1694 3244 non
1708 3190 1782 3246 emm
1800 3190 1908 3250 invenit

241 3291 337 3348 regna,
353 3273 460 3348 operati
484 3279 549 3328 sunt
562 3266 706 3342 justitiam,
719 3265 810 3340 adepti
821 3273 885 3322 suut
901 3248 1084 3338 repromisC
1103 3273 1269 3344 poepgrenpae
1288 3271 1389 3344 locum,
1407 3293 1569 3350 quamquam
1590 3297 1651 3336 eum
1672 3283 1802 3358 lacrymis
1816 3287 1907 3360 inqui·

242 3371 346 3438 aiones,
362 3369 558 3425 obturaverunt
572 3379 620 3420 ora
646 3361 767 3429 leonum,
783 3361 973 3417 exstinxerunt
998 3361 1049 3415 im·
1101 3363 1182 3420 sisset
1197 3381 1267 3422 eatu.
1278 3363 1337 3426 Non
1352 3367 1425 3424 enim
1435 3371 1629 3428 accessistisad
1638 3376 1810 3434 tractabilem
1825 3395 1908 3436 tuou-

244 3470 335 3533 petum
350 3461 437 3534 ignis,
453 3455 608 3530 effuderunt
630 3455 715 3512 ³05⁰¹¹¹
732 3453 827 3528 ilidii,
851 3451 1048 3512 convaluerunt
1100 3465 1169 3527 tem,
1185 3467 1213 3515 ct
1225 3459 1417 3518 acceusibilem
1435 3461 1536 3534 ignem,
1552 3473 1579 3520 et
1593 3466 1742 3539 turbinem,
1757 3480 1786 3527 et
1808 3471 1907 3544 eetigr.

241 3555 276 3612 de
294 3553 461 3621 infirmitate,
477 3550 562 3608 furtes
576 3549 638 3608 facti
656 3559 719 3606 sunt
741 3549 767 3605 ln
783 3547 865 3617 bello,
878 3555 968 3605 castra
982 3563 1045 3604 rer·
1100 3568 1173 3621 nent,
1189 3563 1216 3610 et
1231 3553 1380 3628 procellam
1392 3600 1401 3628 ,
1415 3567 1442 3613 et
1465 3560 1536 3618 tubae
1549 3574 1667 3632 sonum,
1682 3575 1710 3620 et
1723 3581 1822 3624 rocem
1839 3585 1905 3626 rcr-

242 3657 333 3705 terunt
346 3656 504 3704 exterorum
518 3664 525 3703 ε
540 3652 703 3717 aeceperunt
718 3643 846 3701 mulieres
857 3643 892 3700 de
905 3659 1046 3700 resurree-
1100 3647 1215 3714 butum,
1231 3662 1311 3718 quant
1333 3647 1377 3720 uui
1393 3647 1557 3720 audieruut,
1577 3667 1776 3714 excusaverunt
1803 3676 1850 3728 se,
1867 3679 1904 3720 ne

242 3745 317 3800 tittne
330 3754 454 3800 mortuos
477 3755 553 3800 suos.
579 3739 632 3795 nili
645 3745 736 3799 autern
758 3737 870 3794 distenti
890 3748 967 3806 sunt,
990 3754 1043 3794 non
1098 3741 1137 3796 eis
1151 3741 1226 3800 ftcret
1240 3741 1362 3799 terbum.
1374 3741 1433 3799 lion
1449 3745 1523 3802 enim
1536 3749 1684 3820 portabant
1696 3752 1770 3826 quod
1783 3754 1902 3814 diceba-

241 3835 421 3907 suscipientes
433 3833 649 3907 redemptionem
662 3875 670 3902 ,
683 3842 713 3887 ut
725 3829 866 3889 meliorem
888 3831 1045 3888 invenirent
1098 3843 1159 3889 tur:
1175 3829 1209 3889 Et
1223 3835 1246 3890 si
1260 3833 1346 3890 bestia
1370 3834 1488 3910 tetigerit
1503 3851 1645 3908 muntem,
1669 3843 1849 3917 lapidabitur.
1869 3852 1904 3906 Et

240 3929 482 3987 resurrectionem.
494 3925 623 3985 blittero
633 3923 747 3984 ludibria
758 3934 786 3982 et
798 3924 913 3982 uerbera
923 3927 1042 3998 experti,
1098 3927 1133 3982 ita
1149 3925 1271 3984 terribile
1285 3937 1344 3984 erat
1357 3933 1429 4001 quod
1446 3929 1597 3990 ridebatur.
1613 3933 1720 4006 liopscs
1736 3937 1807 3994 dixin
1822 3958 1830 3996 :
1847 3941 1905 3999 Er.

240 4026 353 4097 insuper
367 4033 397 4083 et
411 4021 515 4080 ttneuta
532 4031 560 4079 et
580 4036 723 4092 carceres,
749 4018 862 4093 lapidati
876 4029 958 4089 sunt,
974 4023 1042 4079 sceti
1095 4019 1207 4074 territus
1219 4036 1291 4089 snm,
1304 4029 1331 4076 et
1342 4021 1549 4082 tremebundus.
1557 4025 1612 4084 Sed
1621 4029 1774 4086 arcessistis
1785 4030 1820 4088 ug
1830 4032 1902 4090 350„

241 4131 322 4186 sunt,
336 4118 433 4175 tentati
448 4127 512 4176 sunt
524 4157 534 4186 ,
548 4117 577 4173 in
592 4116 730 4173 occisione
743 4115 826 4188 gladii
842 4114 942 4172 mortui
958 4125 1041 4174 snut:
1095 4122 1226 4184 ntortteut,
1238 4128 1267 4173 et
1280 4117 1418 4184 civitatem
1434 4118 1482 4178 ilci
1494 4117 1623 4190 virentis,
1634 4121 1784 4182 ierusalem
1795 4125 1903 4184 cceles-

240 4215 409 4272 cireuierunt
422 4212 450 4268 in
466 4212 585 4278 melotis,
599 4211 626 4266 in
641 4209 759 4282 pellibus
771 4209 907 4281 caprinis,
918 4217 1041 4284 egentes,
1095 4217 1160 4276 tem,
1176 4217 1203 4264 et
1214 4209 1357 4268 multorum
1369 4213 1481 4272 millium
1493 4213 1651 4285 angelorum
1664 4213 1863 4290 instruendam,
1875 4229 1905 4278 m

241 4307 399 4379 angustiati,
411 4304 504 4362 aiilicti
518 4322 526 4361 s
540 4304 638 4378 quibus
654 4303 752 4375 dignus
762 4318 816 4361 nou
832 4314 890 4359 crat
905 4302 1039 4358 mundus:
1095 4297 1243 4356 Ecclesiam
1255 4301 1468 4374 primitivorum,
1481 4305 1680 4379 quicunseripti
1694 4310 1902 4384 suntincoelis,

237 4400 266 4456 in
282 4397 474 4454 solitudinibus
488 4399 624 4465 errantes,
639 4397 667 4454 in
682 4396 831 4462 tuentibus,
845 4404 875 4452 et
891 4395 1040 4466 speluncis,
1093 4402 1121 4448 et
1131 4391 1250 4464 judicem
1266 4397 1387 4456 omnium
1402 4397 1501 4468 licum,
1522 4407 1551 4456 et
1561 4401 1673 4472 spiritus
1681 4401 1819 4473 justorum
1839 4421 1905 4480 per-

239 4491 308 4548 etin
323 4491 449 4546 cauernis
465 4498 556 4546 tertre.
578 4487 614 4545 lit
636 4489 663 4546 ti
688 4503 783 4546 omnes
805 4488 962 4546 testimonio
978 4488 1040 4546 iidei
1093 4483 1246 4555 lectorum,
1262 4497 1289 4544 et
1305 4491 1460 4547 testamenti
1477 4493 1539 4548 uoti
1563 4492 1739 4556 mediatorem
1754 4495 1904 4568 desumet

237 4585 364 4655 probati,
383 4598 438 4641 non
454 4592 620 4656 aeceperunt
645 4582 884 4654 repromissionem
898 4623 906 4649 ,
922 4581 978 4638 lieo
990 4595 1040 4654 pro
1092 4575 1233 4648 sanguinis
1247 4580 1432 4650 aspersionem
1444 4581 1542 4640 melius
1553 4583 1707 4656 loquentem
1719 4601 1801 4658 uuam
1814 4589 1902 4646 nbat.

238 4679 320 4735 nobis
332 4677 430 4734 melius
451 4678 555 4750 aliquid
571 4677 754 4749 providente,
769 4685 798 4734 ut
814 4692 869 4734 nun
882 4675 942 4733 sine
962 4675 1041 4732 nobis
1097 4665 1202 4734 Videte,
1221 4687 1254 4726 ne
1267 4673 1612 4750 recusetisioquentem.Si
1622 4679 1695 4736 euim
1708 4679 1748 4736 1111
1760 4685 1903 4740 nouelln·

243 4785 511 4834 consummarentur.
727 4835 732 4847 ἱ
1093 4767 1900 4843 gerunt,reettsantcseum,quisttperterramiouuebatur;

277 4865 576 4942 [Capilli-lucoque
598 4875 813 4926 conmeantum
839 4868 970 4928 {tabentes
990 4868 1041 4924 im.
1094 4855 1285 4929 multomagis
1308 4873 1376 4926 rtur,
1403 4863 1448 4931 qui
1474 4859 1508 4916 tfe
1531 4863 1609 4918 coriis
1630 4858 1788 4934 loquentem
1817 4865 1903 4922 nobis

240 4959 356 5032 positu
372 4960 472 5018 nubem
493 4958 619 5028 testium,
646 4959 815 5034 deponentes
827 4975 910 5020 omne
922 4961 1039 5033 pondus,
1092 4949 1254 5006 avertimus.
1271 4945 1355 5023 Cuius
1370 4969 1423 5009 nux
1437 4953 1523 5013 ruorit
1536 4965 1636 5012 terram
1651 4965 1733 5016 tune:
1749 4973 1826 5016 nunc
1851 4977 1903 5018 au-

237 5061 268 5112 ct
282 5054 463 5112 circumstans
478 5069 529 5112 nos
543 5059 696 5125 peecatum,
712 5067 764 5124 per
775 5052 935 5125 patientiam
945 5067 1039 5110 curru.
1094 5051 1146 5098 tetn
1164 5046 1340 5114 repromittit,
1356 5047 1450 5105 dicens
1466 5065 1472 5103 :
1496 5045 1710 5118 asturconem
1724 5057 1753 5106 et
1767 5067 1822 5124 ego
1840 5071 1903 5110 μω.

238 5163 301 5204 mus
314 5145 348 5202 ad
364 5147 533 5219 propositum
554 5144 634 5202 uobis
649 5153 809 5203 certamen:
829 5145 992 5216 aspicientes
1011 5147 1038 5202 in
1081 5133 1161 5190 't0b0
1177 5150 1231 5192 ⁰0¹¹
1243 5136 1331 5193 sulum
1343 5147 1454 5211 terram,
1467 5141 1514 5197 sed
1530 5150 1557 5198 ct
1571 5141 1682 5198 coelum.
1695 5143 1771 5210 Quod
1786 5157 1900 5218 autem,

238 5246 381 5296 auctorem
394 5237 468 5306 fidei,
481 5245 510 5298 et
522 5247 771 5298 cottsumtnatorem
786 5237 897 5307 iesum,
913 5237 958 5308 qui
970 5255 1037 5308 pru·
1089 5227 1186 5285 stunc
1201 5231 1286 5286 semul
1300 5273 1307 5296 ,
1322 5230 1388 5288 tlicit
1405 5252 1412 5288 ι
1427 5233 1547 5292 declarat
1569 5235 1710 5294 mobilium
1733 5239 1903 5298 translatio-
1925 5254 1930 5274 ¹

238 5331 329 5402 posito
347 5330 398 5389 sibi
412 5329 477 5404 [tlt.
491 5327 543 5404 ibi]
564 5329 664 5403 gaudio
683 5328 812 5386 sustinuit
835 5345 956 5399 erucem,
972 5345 1039 5389 con·
1091 5341 1153 5380 rtem
1168 5335 1305 5396 tamquam
1331 5325 1486 5400 factorum,
1511 5337 1541 5384 ut
1565 5340 1694 5388 maneant
1707 5347 1740 5390 ea
1753 5347 1815 5404 qun
1831 5343 1902 5394 ruur

238 5419 349 5478 fusione
358 5431 527 5496 contempta,
541 5431 623 5495 atque
635 5423 663 5480 iu
675 5422 790 5486 dextera
801 5422 875 5479 sedis
885 5421 935 5480 Dei
948 5423 1037 5481 sedec
1090 5419 1250 5478 immobilia.
1275 5420 1368 5494 itaque
1378 5437 1491 5496 regnum
1519 5423 1659 5483 immobile
1685 5427 1899 5502 suscipientes,

236 5507 396 5586 Recogitate
407 5516 480 5575 enitu
493 5531 568 5587 eum,
583 5517 631 5590 qui
655 5517 737 5577 talem
750 5518 881 5577 sustinuit
899 5531 916 5572 a
941 5533 1037 5591 pecca·
1091 5511 1222 5571 babemus
1242 5516 1377 5588 gratiam:
1408 5531 1557 5588 perquam
1578 5519 1730 5578 serviamus
1747 5519 1899 5592 placente,

237 5608 499 5674 toribusadrersum
513 5613 693 5684 temetipsum
717 5611 984 5671 conuadictionem:
1006 5619 1037 5672 ut
1091 5604 1156 5676 lieo,
1172 5622 1234 5664 curn
1248 5619 1322 5666 metu
1344 5618 1372 5669 et
1391 5609 1674 5688 rereretttiatliteuim
1697 5613 1769 5672 Deus
1792 5627 1899 5676 noster

237 5718 274 5760 ne
286 5701 458 5774 fatigemini,
477 5706 577 5764 animis
600 5707 698 5764 uestris
717 5705 887 5765 deficientes.
906 5705 1034 5763 Nondum
1089 5696 1158 5768 iguis
1171 5713 1335 5757 consumens
1347 5709 1399 5758 est.

237 5799 310 5854 gurm
327 5811 411 5866 ..sque
424 5797 457 5852 ag
471 5797 629 5870 „unguinum
643 5801 800 5874 murgum,
825 5802 957 5860 „pressus
970 5817 1034 5874 pru.
1122 5791 1200 5868 [cup.
1217 5791 1297 5866 ltili]
1317 5795 1441 5858 Charitas
1455 5797 1635 5858 fraternitatis
1649 5809 1781 5858 moneat*¹
1796 5801 1828 5858 in
1847 5819 1897 5860 ro·

274 5925 288 5957 ⁸
307 5915 424 5975 Voculae
438 5916 465 5972 itt
479 5913 564 5986 totis,
587 5917 666 5990 iuxta
681 5917 803 5978 urceum
825 5930 926 5981 textum
953 5924 1090 5992 Palatinus
1104 5927 1158 5988 ms.
1172 5926 1289 6000 ignoret.
2006 5903 2007 5914 ἵ
