<?xml version="1.0" encoding="UTF-8"?>
<!DOCTYPE html PUBLIC "-//W3C//DTD XHTML 1.0 Transitional//EN"
    "http://www.w3.org/TR/xhtml1/DTD/xhtml1-transitional.dtd">
<html xmlns="http://www.w3.org/1999/xhtml" xml:lang="en" lang="en">
 <head>
  <title>
</title>
<meta http-equiv="Content-Type" content="text/html;charset=utf-8" />
  <meta name='ocr-system' content='tesseract 3.04.00' />
  <meta name='ocr-capabilities' content='ocr_page ocr_carea ocr_par ocr_line ocrx_word'/>
</head>
<body>
  <div class='ocr_page' id='page_1' title='image "./patrologiaecurs140migngoog_0235.png"; bbox 0 0 4017 6334; ppageno 0'>
   <div class='ocr_carea' id='block_1_1' title="bbox 97 353 1752 437">
    <p class='ocr_par' dir='ltr' id='par_1_1' title="bbox 97 353 1752 437">
     <span class='ocr_line' id='line_1_1' title="bbox 97 353 1752 437; baseline 0.008 -15"><span class='ocrx_word' id='word_1_1' title='bbox 97 363 151 424; x_wconf 85' lang='lat' dir='ltr'><strong><em>un</em></strong></span> <span class='ocrx_word' id='word_1_2' title='bbox 725 365 828 427; x_wconf 82' lang='lat' dir='ltr'><strong><em>ttuutt</em></strong></span> <span class='ocrx_word' id='word_1_3' title='bbox 848 353 1115 433; x_wconf 77' lang='lat' dir='ltr'><strong><em>uccuuunsutct.</em></strong></span> <span class='ocrx_word' id='word_1_4' title='bbox 1696 377 1752 437; x_wconf 79' lang='lat' dir='ltr'><strong><em>tus</em></strong></span> 
     </span>
    </p>
   </div>
   <div class='ocr_carea' id='block_1_2' title="bbox 95 479 1754 3424">
    <p class='ocr_par' dir='ltr' id='par_1_2' title="bbox 136 479 1754 559">
     <span class='ocr_line' id='line_1_2' title="bbox 136 479 1754 559; baseline 0.008 -23"><span class='ocrx_word' id='word_1_5' title='bbox 136 479 170 536; x_wconf 85' lang='lat' dir='ltr'><strong><em>lit</em></strong></span> <span class='ocrx_word' id='word_1_6' title='bbox 181 482 277 538; x_wconf 86' lang='lat' dir='ltr'><strong><em>iterum</em></strong></span> <span class='ocrx_word' id='word_1_7' title='bbox 291 481 416 540; x_wconf 75' lang='lat' dir='ltr'><strong><em>contulit</em></strong></span> <span class='ocrx_word' id='word_1_8' title='bbox 430 480 507 541; x_wconf 89' lang='lat' dir='ltr'><strong><em>illum</em></strong></span> <span class='ocrx_word' id='word_1_9' title='bbox 521 485 548 542; x_wconf 91' lang='lat' dir='ltr'><strong><em>in</em></strong></span> <span class='ocrx_word' id='word_1_10' title='bbox 560 483 656 559; x_wconf 88' lang='lat' dir='ltr'><strong><em>ipsam,</em></strong></span> <span class='ocrx_word' id='word_1_11' title='bbox 670 493 694 541; x_wconf 84' lang='lat' dir='ltr'><strong><em>et</em></strong></span> <span class='ocrx_word' id='word_1_12' title='bbox 715 485 859 542; x_wconf 79' lang='lat' dir='ltr'><strong><em>secundum</em></strong></span> <span class='ocrx_word' id='word_1_13' title='bbox 874 481 943 548; x_wconf 79' lang='grc' dir='ltr'><strong><em>ααΔ</em></strong></span> <span class='ocrx_word' id='word_1_14' title='bbox 991 487 1124 544; x_wconf 82' lang='lat' dir='ltr'><strong><em>Numerus</em></strong></span> <span class='ocrx_word' id='word_1_15' title='bbox 1145 487 1245 544; x_wconf 88' lang='lat' dir='ltr'><strong><em>tliertlm</em></strong></span> <span class='ocrx_word' id='word_1_16' title='bbox 1268 488 1421 558; x_wconf 87' lang='lat' dir='ltr'><strong><em>boltriirurn,</em></strong></span> <span class='ocrx_word' id='word_1_17' title='bbox 1447 497 1474 544; x_wconf 90' lang='lat' dir='ltr'><strong><em>ut</em></strong></span> <span class='ocrx_word' id='word_1_18' title='bbox 1498 490 1629 559; x_wconf 89' lang='lat' dir='ltr'><strong><em>multum,</em></strong></span> <span class='ocrx_word' id='word_1_19' title='bbox 1650 499 1754 549; x_wconf 85' lang='lat' dir='ltr'><strong><em>curtum</em></strong></span> 
     </span>
    </p>

    <p class='ocr_par' dir='ltr' id='par_1_3' title="bbox 97 553 1750 706">
     <span class='ocr_line' id='line_1_3' title="bbox 97 553 1750 636; baseline 0.007 -28"><span class='ocrx_word' id='word_1_20' title='bbox 97 553 199 609; x_wconf 85' lang='lat' dir='ltr'><strong><em>restitit</em></strong></span> <span class='ocrx_word' id='word_1_21' title='bbox 215 555 292 610; x_wconf 90' lang='lat' dir='ltr'><strong><em>illum</em></strong></span> <span class='ocrx_word' id='word_1_22' title='bbox 305 557 410 612; x_wconf 85' lang='lat' dir='ltr'><strong><em>uirtute.</em></strong></span> <span class='ocrx_word' id='word_1_23' title='bbox 953 562 1037 624; x_wconf 89' lang='lat' dir='ltr'><strong><em>anui,</em></strong></span> <span class='ocrx_word' id='word_1_24' title='bbox 1053 560 1129 631; x_wconf 82' lang='lat' dir='ltr'><strong><em>puasi</em></strong></span> <span class='ocrx_word' id='word_1_25' title='bbox 1141 569 1215 630; x_wconf 80' lang='lat' dir='ltr'><strong><em>putto</em></strong></span> <span class='ocrx_word' id='word_1_26' title='bbox 1230 574 1305 636; x_wconf 82' lang='lat' dir='ltr'><strong><em>upuoe</em></strong></span> <span class='ocrx_word' id='word_1_27' title='bbox 1317 563 1399 618; x_wconf 88' lang='lat' dir='ltr'><strong><em>moris</em></strong></span> <span class='ocrx_word' id='word_1_28' title='bbox 1412 561 1529 632; x_wconf 80' lang='lat' dir='ltr'><strong><em>deputati</em></strong></span> <span class='ocrx_word' id='word_1_29' title='bbox 1548 572 1608 618; x_wconf 85' lang='lat' dir='ltr'><strong><em>suut</em></strong></span> <span class='ocrx_word' id='word_1_30' title='bbox 1620 578 1629 618; x_wconf 92' lang='grc'><strong><em>.·</em></strong></span> <span class='ocrx_word' id='word_1_31' title='bbox 1643 573 1668 620; x_wconf 91' lang='lat' dir='ltr'><strong><em>et</em></strong></span> <span class='ocrx_word' id='word_1_32' title='bbox 1682 565 1750 620; x_wconf 83' lang='lat' dir='ltr'><strong><em>sicit:</em></strong></span> 
     </span>
     <span class='ocr_line' id='line_1_4' title="bbox 134 623 1575 706; baseline 0.006 -28"><span class='ocrx_word' id='word_1_33' title='bbox 134 623 283 682; x_wconf 77' lang='lat' dir='ltr'><strong><em>Numerum</em></strong></span> <span class='ocrx_word' id='word_1_34' title='bbox 298 627 410 692; x_wconf 82' lang='lat' dir='ltr'><strong><em>diernm,</em></strong></span> <span class='ocrx_word' id='word_1_35' title='bbox 430 635 454 684; x_wconf 88' lang='lat' dir='ltr'><strong><em>rt</em></strong></span> <span class='ocrx_word' id='word_1_36' title='bbox 468 635 568 696; x_wconf 88' lang='lat' dir='ltr'><strong><em>tempus</em></strong></span> <span class='ocrx_word' id='word_1_37' title='bbox 582 623 652 682; x_wconf 84' lang='lat' dir='ltr'><strong><em>cirtiit</em></strong></span> <span class='ocrx_word' id='word_1_38' title='bbox 665 626 717 694; x_wconf 90' lang='lat' dir='ltr'><strong><em>ilii,</em></strong></span> <span class='ocrx_word' id='word_1_39' title='bbox 733 637 757 683; x_wconf 88' lang='lat' dir='ltr'><strong><em>et</em></strong></span> <span class='ocrx_word' id='word_1_40' title='bbox 772 626 843 683; x_wconf 81' lang='lat' dir='ltr'><strong><em>terit</em></strong></span> <span class='ocrx_word' id='word_1_41' title='bbox 856 627 900 688; x_wconf 92' lang='lat' dir='ltr'><strong><em>iiii</em></strong></span> <span class='ocrx_word' id='word_1_42' title='bbox 952 630 1071 687; x_wconf 84' lang='lat' dir='ltr'><strong><em>calculus</em></strong></span> <span class='ocrx_word' id='word_1_43' title='bbox 1086 647 1183 698; x_wconf 82' lang='lat' dir='ltr'><strong><em>arente,</em></strong></span> <span class='ocrx_word' id='word_1_44' title='bbox 1198 634 1234 688; x_wconf 89' lang='lat' dir='ltr'><strong><em>sic</em></strong></span> <span class='ocrx_word' id='word_1_45' title='bbox 1245 635 1333 706; x_wconf 76' lang='lat' dir='ltr'><strong><em>sulpuri</em></strong></span> <span class='ocrx_word' id='word_1_46' title='bbox 1346 634 1409 688; x_wconf 86' lang='lat' dir='ltr'><strong><em>artui</em></strong></span> <span class='ocrx_word' id='word_1_47' title='bbox 1423 633 1575 689; x_wconf 74' lang='lat' dir='ltr'><strong><em>indicaui.</em></strong></span> 
     </span>
    </p>

    <p class='ocr_par' dir='ltr' id='par_1_4' title="bbox 98 701 1746 844">
     <span class='ocr_line' id='line_1_5' title="bbox 98 701 1746 784; baseline 0.007 -34"><span class='ocrx_word' id='word_1_48' title='bbox 98 707 251 766; x_wconf 84' lang='lat' dir='ltr'><strong><em>potestatem</em></strong></span> <span class='ocrx_word' id='word_1_49' title='bbox 265 715 364 766; x_wconf 88' lang='lat' dir='ltr'><strong><em>eornm,</em></strong></span> <span class='ocrx_word' id='word_1_50' title='bbox 379 714 437 784; x_wconf 85' lang='lat' dir='ltr'><strong><em>quae</em></strong></span> <span class='ocrx_word' id='word_1_51' title='bbox 448 708 509 754; x_wconf 89' lang='lat' dir='ltr'><strong><em>sunt</em></strong></span> <span class='ocrx_word' id='word_1_52' title='bbox 523 713 602 771; x_wconf 87' lang='lat' dir='ltr'><strong><em>super</em></strong></span> <span class='ocrx_word' id='word_1_53' title='bbox 616 710 723 754; x_wconf 87' lang='lat' dir='ltr'><strong><em>terram.</em></strong></span> <span class='ocrx_word' id='word_1_54' title='bbox 986 701 1100 778; x_wconf 89' lang='lat' dir='ltr'><strong><em>Propter</em></strong></span> <span class='ocrx_word' id='word_1_55' title='bbox 1112 705 1161 758; x_wconf 89' lang='lat' dir='ltr'><strong><em>boo</em></strong></span> <span class='ocrx_word' id='word_1_56' title='bbox 1173 707 1274 778; x_wconf 87' lang='lat' dir='ltr'><strong><em>potiens</em></strong></span> <span class='ocrx_word' id='word_1_57' title='bbox 1285 713 1323 760; x_wconf 93' lang='lat' dir='ltr'><strong><em>est</em></strong></span> <span class='ocrx_word' id='word_1_58' title='bbox 1339 705 1409 760; x_wconf 78' lang='lat' dir='ltr'><strong><em>Deus</em></strong></span> <span class='ocrx_word' id='word_1_59' title='bbox 1423 704 1451 760; x_wconf 90' lang='lat' dir='ltr'><strong><em>ln</em></strong></span> <span class='ocrx_word' id='word_1_60' title='bbox 1463 704 1529 770; x_wconf 88' lang='lat' dir='ltr'><strong><em>illis,</em></strong></span> <span class='ocrx_word' id='word_1_61' title='bbox 1540 713 1565 760; x_wconf 90' lang='lat' dir='ltr'><strong><em>et</em></strong></span> <span class='ocrx_word' id='word_1_62' title='bbox 1578 703 1690 775; x_wconf 74' lang='lat' dir='ltr'><strong><em>effundit</em></strong></span> <span class='ocrx_word' id='word_1_63' title='bbox 1701 723 1746 764; x_wconf 89' lang='lat' dir='ltr'><strong><em>sss·</em></strong></span> 
     </span>
     <span class='ocr_line' id='line_1_6' title="bbox 134 767 1370 844; baseline 0.004 -21"><span class='ocrx_word' id='word_1_64' title='bbox 134 767 229 824; x_wconf 85' lang='lat' dir='ltr'><strong><em>Posuit</em></strong></span> <span class='ocrx_word' id='word_1_65' title='bbox 248 770 367 825; x_wconf 87' lang='lat' dir='ltr'><strong><em>timorem</em></strong></span> <span class='ocrx_word' id='word_1_66' title='bbox 381 769 454 826; x_wconf 81' lang='lat' dir='ltr'><strong><em>ullius</em></strong></span> <span class='ocrx_word' id='word_1_67' title='bbox 468 787 546 843; x_wconf 91' lang='lat' dir='ltr'><strong><em>super</em></strong></span> <span class='ocrx_word' id='word_1_68' title='bbox 565 786 665 826; x_wconf 85' lang='lat' dir='ltr'><strong><em>aurnum</em></strong></span> <span class='ocrx_word' id='word_1_69' title='bbox 678 787 793 840; x_wconf 76' lang='lat' dir='ltr'><strong><em>canneru,</em></strong></span> <span class='ocrx_word' id='word_1_70' title='bbox 809 780 834 828; x_wconf 85' lang='lat' dir='ltr'><strong><em>et</em></strong></span> <span class='ocrx_word' id='word_1_71' title='bbox 851 774 899 830; x_wconf 83' lang='lat' dir='ltr'><strong><em>aa·</em></strong></span> <span class='ocrx_word' id='word_1_72' title='bbox 949 783 996 844; x_wconf 86' lang='lat' dir='ltr'><strong><em>per</em></strong></span> <span class='ocrx_word' id='word_1_73' title='bbox 1008 789 1052 828; x_wconf 84' lang='lat' dir='ltr'><strong><em>eos</em></strong></span> <span class='ocrx_word' id='word_1_74' title='bbox 1065 775 1273 830; x_wconf 79' lang='lat' dir='ltr'><strong><em>misericordiam</em></strong></span> <span class='ocrx_word' id='word_1_75' title='bbox 1286 791 1370 830; x_wconf 91' lang='lat' dir='ltr'><strong><em>suam.</em></strong></span> 
     </span>
    </p>

    <p class='ocr_par' dir='ltr' id='par_1_5' title="bbox 99 840 1749 991">
     <span class='ocr_line' id='line_1_7' title="bbox 99 840 1749 920; baseline 0.008 -28"><span class='ocrx_word' id='word_1_76' title='bbox 99 841 214 896; x_wconf 89' lang='lat' dir='ltr'><strong><em>minatur</em></strong></span> <span class='ocrx_word' id='word_1_77' title='bbox 227 852 265 896; x_wconf 87' lang='lat' dir='ltr'><strong><em>est</em></strong></span> <span class='ocrx_word' id='word_1_78' title='bbox 281 840 422 898; x_wconf 85' lang='lat' dir='ltr'><strong><em>bestiarum</em></strong></span> <span class='ocrx_word' id='word_1_79' title='bbox 436 851 460 896; x_wconf 88' lang='lat' dir='ltr'><strong><em>et</em></strong></span> <span class='ocrx_word' id='word_1_80' title='bbox 475 841 630 898; x_wconf 73' lang='lat' dir='ltr'><strong><em>volatilium.</em></strong></span> <span class='ocrx_word' id='word_1_81' title='bbox 988 844 1062 900; x_wconf 79' lang='lat' dir='ltr'><strong><em>Vidit</em></strong></span> <span class='ocrx_word' id='word_1_82' title='bbox 1074 848 1303 919; x_wconf 82' lang='lat' dir='ltr'><strong><em>presumptionem</em></strong></span> <span class='ocrx_word' id='word_1_83' title='bbox 1318 847 1405 902; x_wconf 80' lang='lat' dir='ltr'><strong><em>cordis</em></strong></span> <span class='ocrx_word' id='word_1_84' title='bbox 1417 863 1516 914; x_wconf 91' lang='lat' dir='ltr'><strong><em>eorum,</em></strong></span> <span class='ocrx_word' id='word_1_85' title='bbox 1540 847 1664 920; x_wconf 83' lang='lat' dir='ltr'><strong><em>quoniam</em></strong></span> <span class='ocrx_word' id='word_1_86' title='bbox 1676 849 1749 906; x_wconf 88' lang='lat' dir='ltr'><strong><em>maia</em></strong></span> 
     </span>
     <span class='ocr_line' id='line_1_8' title="bbox 134 907 1749 991; baseline 0.006 -25"><span class='ocrx_word' id='word_1_87' title='bbox 134 910 236 967; x_wconf 80' lang='lat' dir='ltr'><strong><em>creauit</em></strong></span> <span class='ocrx_word' id='word_1_88' title='bbox 259 914 363 983; x_wconf 80' lang='lat' dir='ltr'><strong><em>tuipsa</em></strong></span> <span class='ocrx_word' id='word_1_89' title='bbox 377 912 540 985; x_wconf 73' lang='lat' dir='ltr'><strong><em>adiutorium</em></strong></span> <span class='ocrx_word' id='word_1_90' title='bbox 558 907 643 968; x_wconf 84' lang='lat' dir='ltr'><strong><em>simile</em></strong></span> <span class='ocrx_word' id='word_1_91' title='bbox 661 913 711 969; x_wconf 89' lang='lat' dir='ltr'><strong><em>sibi</em></strong></span> <span class='ocrx_word' id='word_1_92' title='bbox 724 930 734 968; x_wconf 94' lang='lat'><strong><em>:</em></strong></span> <span class='ocrx_word' id='word_1_93' title='bbox 748 913 898 986; x_wconf 83' lang='lat' dir='ltr'><strong><em>consilinm,</em></strong></span> <span class='ocrx_word' id='word_1_94' title='bbox 949 925 1006 972; x_wconf 84' lang='lat' dir='ltr'><strong><em>est:</em></strong></span> <span class='ocrx_word' id='word_1_95' title='bbox 1022 927 1046 972; x_wconf 90' lang='lat' dir='ltr'><strong><em>et</em></strong></span> <span class='ocrx_word' id='word_1_96' title='bbox 1066 919 1185 990; x_wconf 81' lang='lat' dir='ltr'><strong><em>eopnoett</em></strong></span> <span class='ocrx_word' id='word_1_97' title='bbox 1206 918 1398 974; x_wconf 87' lang='lat' dir='ltr'><strong><em>subuerslousm</em></strong></span> <span class='ocrx_word' id='word_1_98' title='bbox 1417 919 1542 987; x_wconf 90' lang='lat' dir='ltr'><strong><em>illoruttt,</em></strong></span> <span class='ocrx_word' id='word_1_99' title='bbox 1564 922 1688 991; x_wconf 79' lang='lat' dir='ltr'><strong><em>quautam</em></strong></span> <span class='ocrx_word' id='word_1_100' title='bbox 1701 937 1749 977; x_wconf 90' lang='lat' dir='ltr'><strong><em>ue-</em></strong></span> 
     </span>
    </p>

    <p class='ocr_par' dir='ltr' id='par_1_6' title="bbox 97 981 1089 1060">
     <span class='ocr_line' id='line_1_9' title="bbox 97 981 1089 1060; baseline 0.008 -26"><span class='ocrx_word' id='word_1_101' title='bbox 97 990 121 1035; x_wconf 87' lang='lat' dir='ltr'><strong><em>et</em></strong></span> <span class='ocrx_word' id='word_1_102' title='bbox 135 981 175 1038; x_wconf 91' lang='lat' dir='ltr'><strong><em>liu</em></strong></span> <span class='ocrx_word' id='word_1_103' title='bbox 197 1000 271 1050; x_wconf 86' lang='lat' dir='ltr'><strong><em>uam,</em></strong></span> <span class='ocrx_word' id='word_1_104' title='bbox 282 995 308 1038; x_wconf 87' lang='lat' dir='ltr'><strong><em>et</em></strong></span> <span class='ocrx_word' id='word_1_105' title='bbox 321 983 422 1048; x_wconf 83' lang='lat' dir='ltr'><strong><em>oculos,</em></strong></span> <span class='ocrx_word' id='word_1_106' title='bbox 438 997 461 1039; x_wconf 89' lang='lat' dir='ltr'><strong><em>et</em></strong></span> <span class='ocrx_word' id='word_1_107' title='bbox 474 1001 562 1046; x_wconf 86' lang='lat' dir='ltr'><strong><em>aures.</em></strong></span> <span class='ocrx_word' id='word_1_108' title='bbox 576 994 599 1039; x_wconf 88' lang='lat' dir='ltr'><strong><em>et</em></strong></span> <span class='ocrx_word' id='word_1_109' title='bbox 613 1001 657 1039; x_wconf 87' lang='lat' dir='ltr'><strong><em>eor</em></strong></span> <span class='ocrx_word' id='word_1_110' title='bbox 670 985 742 1040; x_wconf 81' lang='lat' dir='ltr'><strong><em>desiit</em></strong></span> <span class='ocrx_word' id='word_1_111' title='bbox 752 984 806 1042; x_wconf 87' lang='lat' dir='ltr'><strong><em>tttts</em></strong></span> <span class='ocrx_word' id='word_1_112' title='bbox 822 1000 899 1043; x_wconf 83' lang='lat' dir='ltr'><strong><em>esra·</em></strong></span> <span class='ocrx_word' id='word_1_113' title='bbox 948 1003 1027 1060; x_wconf 80' lang='lat' dir='ltr'><strong><em>purum</em></strong></span> <span class='ocrx_word' id='word_1_114' title='bbox 1042 997 1089 1044; x_wconf 85' lang='lat' dir='ltr'><strong><em>est.</em></strong></span> 
     </span>
    </p>

    <p class='ocr_par' dir='ltr' id='par_1_7' title="bbox 96 1002 1749 1204">
     <span class='ocr_line' id='line_1_10' title="bbox 96 1002 1749 1133; baseline 0.007 -27"><span class='ocrx_word' id='word_1_115' title='bbox 96 1002 213 1125; x_wconf 72' lang='lat' dir='ltr'><strong><em>putarit,</em></strong></span> <span class='ocrx_word' id='word_1_116' title='bbox 230 1054 409 1128; x_wconf 83' lang='lat' dir='ltr'><strong><em>eteiiscipliua</em></strong></span> <span class='ocrx_word' id='word_1_117' title='bbox 422 1055 567 1112; x_wconf 84' lang='lat' dir='ltr'><strong><em>intellectus</em></strong></span> <span class='ocrx_word' id='word_1_118' title='bbox 582 1055 691 1128; x_wconf 84' lang='lat' dir='ltr'><strong><em>repleuit</em></strong></span> <span class='ocrx_word' id='word_1_119' title='bbox 702 1057 775 1112; x_wconf 91' lang='lat' dir='ltr'><strong><em>illos.</em></strong></span> <span class='ocrx_word' id='word_1_120' title='bbox 985 1057 1051 1115; x_wconf 85' lang='lat' dir='ltr'><strong><em>irleo</em></strong></span> <span class='ocrx_word' id='word_1_121' title='bbox 1074 1056 1155 1116; x_wconf 79' lang='lat' dir='ltr'><strong><em>aeliut&#39;</em></strong></span> <span class='ocrx_word' id='word_1_122' title='bbox 1166 1059 1226 1116; x_wconf 86' lang='lat' dir='ltr'><strong><em>leoli</em></strong></span> <span class='ocrx_word' id='word_1_123' title='bbox 1251 1060 1462 1133; x_wconf 69' lang='lat' dir='ltr'><strong><em>propitiationum</em></strong></span> <span class='ocrx_word' id='word_1_124' title='bbox 1482 1073 1556 1118; x_wconf 78' lang='lat' dir='ltr'><strong><em>ittam</em></strong></span> <span class='ocrx_word' id='word_1_125' title='bbox 1579 1063 1608 1118; x_wconf 89' lang='lat' dir='ltr'><strong><em>itt</em></strong></span> <span class='ocrx_word' id='word_1_126' title='bbox 1628 1061 1704 1130; x_wconf 88' lang='lat' dir='ltr'><strong><em>illis,</em></strong></span> <span class='ocrx_word' id='word_1_127' title='bbox 1724 1073 1749 1118; x_wconf 89' lang='lat' dir='ltr'><strong><em>et</em></strong></span> 
     </span>
     <span class='ocr_line' id='line_1_11' title="bbox 133 1123 1353 1204; baseline 0.005 -24"><span class='ocrx_word' id='word_1_128' title='bbox 133 1123 308 1183; x_wconf 83' lang='lat' dir='ltr'><strong><em>crearitittts</em></strong></span> <span class='ocrx_word' id='word_1_129' title='bbox 326 1129 463 1198; x_wconf 75' lang='lat' dir='ltr'><strong><em>salerniam</em></strong></span> <span class='ocrx_word' id='word_1_130' title='bbox 481 1128 602 1200; x_wconf 85' lang='lat' dir='ltr'><strong><em>spiritus,</em></strong></span> <span class='ocrx_word' id='word_1_131' title='bbox 621 1143 698 1184; x_wconf 88' lang='lat' dir='ltr'><strong><em>sensu</em></strong></span> <span class='ocrx_word' id='word_1_132' title='bbox 718 1125 833 1201; x_wconf 81' lang='lat' dir='ltr'><strong><em>imptestt</em></strong></span> <span class='ocrx_word' id='word_1_133' title='bbox 854 1143 899 1186; x_wconf 87' lang='lat' dir='ltr'><strong><em>rur</em></strong></span> <span class='ocrx_word' id='word_1_134' title='bbox 949 1130 1064 1192; x_wconf 81' lang='lat' dir='ltr'><strong><em>ostendit</em></strong></span> <span class='ocrx_word' id='word_1_135' title='bbox 1078 1133 1116 1186; x_wconf 87' lang='lat' dir='ltr'><strong><em>eis</em></strong></span> <span class='ocrx_word' id='word_1_136' title='bbox 1157 1145 1199 1186; x_wconf 87' lang='lat' dir='ltr'><strong><em>om</em></strong></span> <span class='ocrx_word' id='word_1_137' title='bbox 1211 1133 1353 1204; x_wconf 75' lang='lat' dir='ltr'><strong><em>nouitatis.</em></strong></span> 
     </span>
    </p>

    <p class='ocr_par' dir='ltr' id='par_1_8' title="bbox 95 1195 1749 1352">
     <span class='ocr_line' id='line_1_12' title="bbox 95 1195 1749 1275; baseline 0.007 -25"><span class='ocrx_word' id='word_1_138' title='bbox 95 1195 218 1266; x_wconf 86' lang='lat' dir='ltr'><strong><em>illorum,</em></strong></span> <span class='ocrx_word' id='word_1_139' title='bbox 236 1207 261 1253; x_wconf 93' lang='lat' dir='ltr'><strong><em>et</em></strong></span> <span class='ocrx_word' id='word_1_140' title='bbox 273 1199 343 1253; x_wconf 90' lang='lat' dir='ltr'><strong><em>mala</em></strong></span> <span class='ocrx_word' id='word_1_141' title='bbox 358 1205 382 1253; x_wconf 89' lang='lat' dir='ltr'><strong><em>et</em></strong></span> <span class='ocrx_word' id='word_1_142' title='bbox 395 1197 463 1253; x_wconf 91' lang='lat' dir='ltr'><strong><em>bona</em></strong></span> <span class='ocrx_word' id='word_1_143' title='bbox 473 1199 586 1255; x_wconf 71' lang='lat' dir='ltr'><strong><em>ostendii</em></strong></span> <span class='ocrx_word' id='word_1_144' title='bbox 600 1197 663 1255; x_wconf 89' lang='lat' dir='ltr'><strong><em>illis.</em></strong></span> <span class='ocrx_word' id='word_1_145' title='bbox 985 1199 1121 1258; x_wconf 83' lang='lat' dir='ltr'><strong><em>bliseiatio</em></strong></span> <span class='ocrx_word' id='word_1_146' title='bbox 1137 1202 1250 1258; x_wconf 86' lang='lat' dir='ltr'><strong><em>bominis</em></strong></span> <span class='ocrx_word' id='word_1_147' title='bbox 1274 1205 1345 1258; x_wconf 88' lang='lat' dir='ltr'><strong><em>circa</em></strong></span> <span class='ocrx_word' id='word_1_148' title='bbox 1363 1203 1512 1275; x_wconf 79' lang='lat' dir='ltr'><strong><em>prasiorum</em></strong></span> <span class='ocrx_word' id='word_1_149' title='bbox 1532 1219 1630 1262; x_wconf 76' lang='lat' dir='ltr'><strong><em>suum:</em></strong></span> <span class='ocrx_word' id='word_1_150' title='bbox 1646 1205 1749 1262; x_wconf 82' lang='lat' dir='ltr'><strong><em>miseri·</em></strong></span> 
     </span>
     <span class='ocr_line' id='line_1_13' title="bbox 132 1267 1533 1352; baseline 0.005 -30"><span class='ocrx_word' id='word_1_151' title='bbox 132 1267 230 1325; x_wconf 85' lang='lat' dir='ltr'><strong><em>Posuit</em></strong></span> <span class='ocrx_word' id='word_1_152' title='bbox 245 1271 351 1326; x_wconf 86' lang='lat' dir='ltr'><strong><em>oculum</em></strong></span> <span class='ocrx_word' id='word_1_153' title='bbox 370 1286 447 1326; x_wconf 89' lang='lat' dir='ltr'><strong><em>suum</em></strong></span> <span class='ocrx_word' id='word_1_154' title='bbox 461 1287 539 1342; x_wconf 90' lang='lat' dir='ltr'><strong><em>super</em></strong></span> <span class='ocrx_word' id='word_1_155' title='bbox 552 1270 632 1326; x_wconf 83' lang='lat' dir='ltr'><strong><em>sortia</em></strong></span> <span class='ocrx_word' id='word_1_156' title='bbox 644 1269 751 1326; x_wconf 89' lang='lat' dir='ltr'><strong><em>iliorum</em></strong></span> <span class='ocrx_word' id='word_1_157' title='bbox 764 1269 900 1330; x_wconf 75' lang='lat' dir='ltr'><strong><em>ostendere</em></strong></span> <span class='ocrx_word' id='word_1_158' title='bbox 949 1275 1042 1329; x_wconf 80' lang='lat' dir='ltr'><strong><em>cardia</em></strong></span> <span class='ocrx_word' id='word_1_159' title='bbox 1053 1282 1140 1332; x_wconf 92' lang='lat' dir='ltr'><strong><em>autem</em></strong></span> <span class='ocrx_word' id='word_1_160' title='bbox 1152 1272 1202 1330; x_wconf 81' lang='lat' dir='ltr'><strong><em>aet</em></strong></span> <span class='ocrx_word' id='word_1_161' title='bbox 1213 1291 1290 1352; x_wconf 89' lang='lat' dir='ltr'><strong><em>super</em></strong></span> <span class='ocrx_word' id='word_1_162' title='bbox 1304 1291 1405 1330; x_wconf 88' lang='lat' dir='ltr'><strong><em>amttem</em></strong></span> <span class='ocrx_word' id='word_1_163' title='bbox 1416 1289 1533 1331; x_wconf 81' lang='lat' dir='ltr'><strong><em>cantem.</em></strong></span> 
     </span>
    </p>

    <p class='ocr_par' dir='ltr' id='par_1_9' title="bbox 97 1333 1746 1490">
     <span class='ocr_line' id='line_1_14' title="bbox 97 1333 1746 1428; baseline 0.005 -33"><span class='ocrx_word' id='word_1_164' title='bbox 97 1338 155 1414; x_wconf 75' lang='lat' dir='ltr'><strong><em>[tt.</em></strong></span> <span class='ocrx_word' id='word_1_165' title='bbox 167 1352 191 1394; x_wconf 89' lang='lat' dir='ltr'><strong><em>et</em></strong></span> <span class='ocrx_word' id='word_1_166' title='bbox 205 1339 352 1413; x_wconf 82' lang='lat' dir='ltr'><strong><em>ostendere]</em></strong></span> <span class='ocrx_word' id='word_1_167' title='bbox 363 1339 416 1400; x_wconf 86' lang='lat' dir='ltr'><strong><em>illis</em></strong></span> <span class='ocrx_word' id='word_1_168' title='bbox 429 1333 563 1415; x_wconf 82' lang='lat' dir='ltr'><strong><em>mopnolla</em></strong></span> <span class='ocrx_word' id='word_1_169' title='bbox 574 1354 685 1410; x_wconf 87' lang='lat' dir='ltr'><strong><em>operum</em></strong></span> <span class='ocrx_word' id='word_1_170' title='bbox 699 1357 816 1428; x_wconf 70' lang='lat' dir='ltr'><strong><em>suorum,</em></strong></span> <span class='ocrx_word' id='word_1_171' title='bbox 988 1344 1040 1415; x_wconf 81' lang='lat' dir='ltr'><strong><em>Qui</em></strong></span> <span class='ocrx_word' id='word_1_172' title='bbox 1056 1344 1261 1402; x_wconf 80' lang='lat' dir='ltr'><strong><em>misericordiam</em></strong></span> <span class='ocrx_word' id='word_1_173' title='bbox 1272 1345 1360 1414; x_wconf 86' lang='lat' dir='ltr'><strong><em>babet,</em></strong></span> <span class='ocrx_word' id='word_1_174' title='bbox 1374 1346 1458 1416; x_wconf 75' lang='lat' dir='ltr'><strong><em>taret,</em></strong></span> <span class='ocrx_word' id='word_1_175' title='bbox 1470 1358 1495 1404; x_wconf 84' lang='lat' dir='ltr'><strong><em>st</em></strong></span> <span class='ocrx_word' id='word_1_176' title='bbox 1510 1346 1597 1402; x_wconf 75' lang='lat' dir='ltr'><strong><em>muttit</em></strong></span> <span class='ocrx_word' id='word_1_177' title='bbox 1610 1347 1684 1420; x_wconf 80' lang='lat' dir='ltr'><strong><em>quasi</em></strong></span> <span class='ocrx_word' id='word_1_178' title='bbox 1693 1360 1746 1420; x_wconf 92' lang='lat' dir='ltr'><strong><em>pa-</em></strong></span> 
     </span>
     <span class='ocr_line' id='line_1_15' title="bbox 136 1409 1273 1490; baseline 0.006 -24"><span class='ocrx_word' id='word_1_179' title='bbox 136 1409 281 1468; x_wconf 85' lang='lat' dir='ltr'><strong><em>lltnoinen</em></strong></span> <span class='ocrx_word' id='word_1_180' title='bbox 295 1413 509 1484; x_wconf 72' lang='lat' dir='ltr'><strong><em>sanctificationis</em></strong></span> <span class='ocrx_word' id='word_1_181' title='bbox 527 1411 734 1470; x_wconf 77' lang='lat' dir='ltr'><strong><em>collaudentret</em></strong></span> <span class='ocrx_word' id='word_1_182' title='bbox 749 1413 858 1488; x_wconf 87' lang='lat' dir='ltr'><strong><em>plortari</em></strong></span> <span class='ocrx_word' id='word_1_183' title='bbox 871 1413 899 1471; x_wconf 87' lang='lat' dir='ltr'><strong><em>itt</em></strong></span> <span class='ocrx_word' id='word_1_184' title='bbox 949 1425 1214 1490; x_wconf 78' lang='lat' dir='ltr'><strong><em>starprepemsuum.</em></strong></span> <span class='ocrx_word' id='word_1_185' title='bbox 1267 1445 1273 1460; x_wconf 93' lang='lat'><strong>·</strong></span> 
     </span>
    </p>

    <p class='ocr_par' dir='ltr' id='par_1_10' title="bbox 98 1482 1748 1638">
     <span class='ocr_line' id='line_1_16' title="bbox 98 1482 1748 1564; baseline 0.006 -28"><span class='ocrx_word' id='word_1_186' title='bbox 98 1482 263 1539; x_wconf 68' lang='lat' dir='ltr'><strong><em>mutabilibus</em></strong></span> <span class='ocrx_word' id='word_1_187' title='bbox 277 1485 351 1539; x_wconf 91' lang='lat' dir='ltr'><strong><em>illius</em></strong></span> <span class='ocrx_word' id='word_1_188' title='bbox 376 1493 405 1540; x_wconf 94' lang='lat' dir='ltr'><strong><em>ut</em></strong></span> <span class='ocrx_word' id='word_1_189' title='bbox 420 1483 555 1558; x_wconf 83' lang='lat' dir='ltr'><strong><em>mapnaiia</em></strong></span> <span class='ocrx_word' id='word_1_190' title='bbox 573 1494 697 1540; x_wconf 87' lang='lat' dir='ltr'><strong><em>enarrent</em></strong></span> <span class='ocrx_word' id='word_1_191' title='bbox 713 1500 818 1557; x_wconf 88' lang='lat' dir='ltr'><strong><em>operum</em></strong></span> <span class='ocrx_word' id='word_1_192' title='bbox 832 1485 899 1560; x_wconf 68' lang='lat' dir='ltr'><strong><em>ejus.</em></strong></span> <span class='ocrx_word' id='word_1_193' title='bbox 987 1487 1127 1550; x_wconf 83' lang='lat' dir='ltr'><strong><em>ilirerelur</em></strong></span> <span class='ocrx_word' id='word_1_194' title='bbox 1141 1489 1197 1544; x_wconf 83' lang='lat' dir='ltr'><strong><em>euri</em></strong></span> <span class='ocrx_word' id='word_1_195' title='bbox 1217 1487 1293 1544; x_wconf 79' lang='lat' dir='ltr'><strong><em>ieritis</em></strong></span> <span class='ocrx_word' id='word_1_196' title='bbox 1305 1488 1451 1546; x_wconf 81' lang='lat' dir='ltr'><strong><em>doctrinam</em></strong></span> <span class='ocrx_word' id='word_1_197' title='bbox 1466 1487 1652 1560; x_wconf 67' lang='lat' dir='ltr'><strong><em>miserationis,</em></strong></span> <span class='ocrx_word' id='word_1_198' title='bbox 1664 1495 1688 1546; x_wconf 86' lang='lat' dir='ltr'><strong><em>et</em></strong></span> <span class='ocrx_word' id='word_1_199' title='bbox 1700 1489 1748 1564; x_wconf 63' lang='lat' dir='ltr'><strong><em>pti</em></strong></span> 
     </span>
     <span class='ocr_line' id='line_1_17' title="bbox 134 1527 1377 1638; baseline 0.006 -29"><span class='ocrx_word' id='word_1_200' title='bbox 134 1548 247 1610; x_wconf 78' lang='lat' dir='ltr'><strong><em>uultui</em></strong></span> <span class='ocrx_word' id='word_1_201' title='bbox 259 1555 314 1611; x_wconf 89' lang='lat' dir='ltr'><strong><em>iilis</em></strong></span> <span class='ocrx_word' id='word_1_202' title='bbox 332 1527 509 1629; x_wconf 83' lang='lat' dir='ltr'><strong><em>bitripliuam,</em></strong></span> <span class='ocrx_word' id='word_1_203' title='bbox 533 1565 556 1611; x_wconf 87' lang='lat' dir='ltr'><strong><em>et</em></strong></span> <span class='ocrx_word' id='word_1_204' title='bbox 570 1555 651 1629; x_wconf 84' lang='lat' dir='ltr'><strong><em>lepenl</em></strong></span> <span class='ocrx_word' id='word_1_205' title='bbox 665 1557 724 1613; x_wconf 83' lang='lat' dir='ltr'><strong><em>tritae</em></strong></span> <span class='ocrx_word' id='word_1_206' title='bbox 737 1557 899 1614; x_wconf 81' lang='lat' dir='ltr'><strong><em>bureaitireit</em></strong></span> <span class='ocrx_word' id='word_1_207' title='bbox 949 1559 1057 1631; x_wconf 72' lang='lat' dir='ltr'><strong><em>festinat</em></strong></span> <span class='ocrx_word' id='word_1_208' title='bbox 1069 1559 1096 1614; x_wconf 87' lang='lat' dir='ltr'><strong><em>in</em></strong></span> <span class='ocrx_word' id='word_1_209' title='bbox 1105 1555 1216 1632; x_wconf 76' lang='lat' dir='ltr'><strong><em>p‘urilrits</em></strong></span> <span class='ocrx_word' id='word_1_210' title='bbox 1225 1562 1293 1633; x_wconf 74' lang='lat' dir='ltr'><strong><em>elus.</em></strong></span> <span class='ocrx_word' id='word_1_211' title='bbox 1372 1630 1377 1638; x_wconf 24' lang='lat'><strong>¹</strong></span> 
     </span>
    </p>

    <p class='ocr_par' dir='ltr' id='par_1_11' title="bbox 96 1626 1748 1775">
     <span class='ocr_line' id='line_1_18' title="bbox 96 1626 1748 1704; baseline 0.005 -24"><span class='ocrx_word' id='word_1_212' title='bbox 96 1626 172 1688; x_wconf 83' lang='lat' dir='ltr'><strong><em>illos.</em></strong></span> <span class='ocrx_word' id='word_1_213' title='bbox 988 1627 1061 1698; x_wconf 86' lang='lat' dir='ltr'><strong><em>Fili,</em></strong></span> <span class='ocrx_word' id='word_1_214' title='bbox 1094 1633 1121 1686; x_wconf 90' lang='lat' dir='ltr'><strong><em>in</em></strong></span> <span class='ocrx_word' id='word_1_215' title='bbox 1137 1631 1336 1688; x_wconf 84' lang='lat' dir='ltr'><strong><em>bottisttott&#39;cles</em></strong></span> <span class='ocrx_word' id='word_1_216' title='bbox 1367 1629 1499 1704; x_wconf 70' lang='lat' dir='ltr'><strong><em>melam,</em></strong></span> <span class='ocrx_word' id='word_1_217' title='bbox 1520 1631 1748 1690; x_wconf 75' lang='lat' dir='ltr'><strong><em>elisamrsibalb</em></strong></span> 
     </span>
     <span class='ocr_line' id='line_1_19' title="bbox 134 1645 1377 1775; baseline 0.006 -24"><span class='ocrx_word' id='word_1_218' title='bbox 134 1691 328 1752; x_wconf 75' lang='lat' dir='ltr'><strong><em>Testamentum</em></strong></span> <span class='ocrx_word' id='word_1_219' title='bbox 342 1702 466 1752; x_wconf 77' lang='lat' dir='ltr'><strong><em>eternum</em></strong></span> <span class='ocrx_word' id='word_1_220' title='bbox 480 1694 613 1754; x_wconf 85' lang='lat' dir='ltr'><strong><em>roustiltrtt</em></strong></span> <span class='ocrx_word' id='word_1_221' title='bbox 623 1702 683 1753; x_wconf 83' lang='lat' dir='ltr'><strong><em>cum</em></strong></span> <span class='ocrx_word' id='word_1_222' title='bbox 699 1695 768 1766; x_wconf 91' lang='lat' dir='ltr'><strong><em>iltis,</em></strong></span> <span class='ocrx_word' id='word_1_223' title='bbox 783 1707 808 1755; x_wconf 88' lang='lat' dir='ltr'><strong><em>et</em></strong></span> <span class='ocrx_word' id='word_1_224' title='bbox 817 1699 900 1775; x_wconf 76' lang='lat' dir='ltr'><strong><em>iusti·</em></strong></span> <span class='ocrx_word' id='word_1_225' title='bbox 950 1712 1002 1757; x_wconf 89' lang='lat' dir='ltr'><strong><em>non</em></strong></span> <span class='ocrx_word' id='word_1_226' title='bbox 1015 1701 1059 1758; x_wconf 82' lang='lat' dir='ltr'><strong><em>ies</em></strong></span> <span class='ocrx_word' id='word_1_227' title='bbox 1075 1702 1208 1758; x_wconf 88' lang='lat' dir='ltr'><strong><em>tristitiom</em></strong></span> <span class='ocrx_word' id='word_1_228' title='bbox 1221 1703 1290 1758; x_wconf 85' lang='lat' dir='ltr'><strong><em>uerbi</em></strong></span> <span class='ocrx_word' id='word_1_229' title='bbox 1303 1645 1377 1758; x_wconf 88' lang='lat' dir='ltr'><strong><em>mali.</em></strong></span> 
     </span>
    </p>

    <p class='ocr_par' dir='ltr' id='par_1_12' title="bbox 99 1765 1748 1934">
     <span class='ocr_line' id='line_1_20' title="bbox 99 1765 1748 1848; baseline 0.005 -24"><span class='ocrx_word' id='word_1_230' title='bbox 99 1771 165 1824; x_wconf 75' lang='lat' dir='ltr'><strong><em>narn</em></strong></span> <span class='ocrx_word' id='word_1_231' title='bbox 180 1780 204 1824; x_wconf 90' lang='lat' dir='ltr'><strong><em>et</em></strong></span> <span class='ocrx_word' id='word_1_232' title='bbox 215 1769 321 1840; x_wconf 78' lang='lat' dir='ltr'><strong><em>judicia</em></strong></span> <span class='ocrx_word' id='word_1_233' title='bbox 333 1785 382 1823; x_wconf 92' lang='lat' dir='ltr'><strong><em>sua</em></strong></span> <span class='ocrx_word' id='word_1_234' title='bbox 396 1765 508 1824; x_wconf 90' lang='lat' dir='ltr'><strong><em>ostemlit</em></strong></span> <span class='ocrx_word' id='word_1_235' title='bbox 522 1767 584 1824; x_wconf 90' lang='lat' dir='ltr'><strong><em>illis.</em></strong></span> <span class='ocrx_word' id='word_1_236' title='bbox 987 1773 1083 1829; x_wconf 86' lang='lat' dir='ltr'><strong><em>lioutte</em></strong></span> <span class='ocrx_word' id='word_1_237' title='bbox 1095 1773 1217 1828; x_wconf 82' lang='lat' dir='ltr'><strong><em>artiorem</em></strong></span> <span class='ocrx_word' id='word_1_238' title='bbox 1230 1773 1394 1848; x_wconf 76' lang='lat' dir='ltr'><strong><em>relriperabit</em></strong></span> <span class='ocrx_word' id='word_1_239' title='bbox 1408 1773 1474 1830; x_wconf 79' lang='lat' dir='ltr'><strong><em>rosi</em></strong></span> <span class='ocrx_word' id='word_1_240' title='bbox 1492 1774 1530 1832; x_wconf 85' lang='lat' dir='ltr'><strong><em>tic</em></strong></span> <span class='ocrx_word' id='word_1_241' title='bbox 1543 1775 1681 1833; x_wconf 77' lang='lat' dir='ltr'><strong><em>tiberium</em></strong></span> <span class='ocrx_word' id='word_1_242' title='bbox 1694 1789 1748 1832; x_wconf 85' lang='lat' dir='ltr'><strong><em>me·</em></strong></span> 
     </span>
     <span class='ocr_line' id='line_1_21' title="bbox 135 1834 1208 1934; baseline 0.008 -41"><span class='ocrx_word' id='word_1_243' title='bbox 135 1834 173 1894; x_wconf 81' lang='lat' dir='ltr'><strong><em>m</em></strong></span> <span class='ocrx_word' id='word_1_244' title='bbox 192 1839 328 1911; x_wconf 81' lang='lat' dir='ltr'><strong><em>napnatta</em></strong></span> <span class='ocrx_word' id='word_1_245' title='bbox 352 1837 459 1894; x_wconf 81' lang='lat' dir='ltr'><strong><em>tortoris</em></strong></span> <span class='ocrx_word' id='word_1_246' title='bbox 476 1841 534 1911; x_wconf 78' lang='lat' dir='ltr'><strong><em>eins</em></strong></span> <span class='ocrx_word' id='word_1_247' title='bbox 552 1839 617 1896; x_wconf 82' lang='lat' dir='ltr'><strong><em>uiclit</em></strong></span> <span class='ocrx_word' id='word_1_248' title='bbox 632 1839 722 1896; x_wconf 83' lang='lat' dir='ltr'><strong><em>mulas</em></strong></span> <span class='ocrx_word' id='word_1_249' title='bbox 739 1837 855 1904; x_wconf 84' lang='lat' dir='ltr'><strong><em>illusam.</em></strong></span> <span class='ocrx_word' id='word_1_250' title='bbox 874 1851 899 1900; x_wconf 93' lang='lat' dir='ltr'><strong><em>et</em></strong></span> <span class='ocrx_word' id='word_1_251' title='bbox 913 1844 1003 1934; x_wconf 71' lang='lat' dir='ltr'><strong><em>Biia:</em></strong></span> <span class='ocrx_word' id='word_1_252' title='bbox 1017 1845 1208 1918; x_wconf 76' lang='lat' dir='ltr'><strong><em>paenularum.</em></strong></span> 
     </span>
    </p>

    <p class='ocr_par' dir='ltr' id='par_1_13' title="bbox 98 1911 1747 1990">
     <span class='ocr_line' id='line_1_22' title="bbox 98 1911 1747 1990; baseline 0.006 -25"><span class='ocrx_word' id='word_1_253' title='bbox 98 1911 223 1966; x_wconf 80' lang='lat' dir='ltr'><strong><em>bonorem</em></strong></span> <span class='ocrx_word' id='word_1_254' title='bbox 242 1914 314 1977; x_wconf 85' lang='lat' dir='ltr'><strong><em>rosis</em></strong></span> <span class='ocrx_word' id='word_1_255' title='bbox 328 1911 465 1966; x_wconf 80' lang='lat' dir='ltr'><strong><em>audierunt</em></strong></span> <span class='ocrx_word' id='word_1_256' title='bbox 479 1924 554 1968; x_wconf 88' lang='lat' dir='ltr'><strong><em>aures</em></strong></span> <span class='ocrx_word' id='word_1_257' title='bbox 571 1913 689 1982; x_wconf 83' lang='lat' dir='ltr'><strong><em>illarum,</em></strong></span> <span class='ocrx_word' id='word_1_258' title='bbox 702 1919 727 1968; x_wconf 87' lang='lat' dir='ltr'><strong><em>et</em></strong></span> <span class='ocrx_word' id='word_1_259' title='bbox 739 1911 806 1969; x_wconf 82' lang='lat' dir='ltr'><strong><em>tiisii</em></strong></span> <span class='ocrx_word' id='word_1_260' title='bbox 817 1911 873 1970; x_wconf 84' lang='lat' dir='ltr'><strong><em>itttt</em></strong></span> <span class='ocrx_word' id='word_1_261' title='bbox 889 1929 899 1971; x_wconf 91' lang='lat'><strong><em>:</em></strong></span> <span class='ocrx_word' id='word_1_262' title='bbox 990 1914 1086 1972; x_wconf 81' lang='lat' dir='ltr'><strong><em>Nonne</em></strong></span> <span class='ocrx_word' id='word_1_263' title='bbox 1099 1931 1156 1971; x_wconf 88' lang='lat' dir='ltr'><strong><em>ecce</em></strong></span> <span class='ocrx_word' id='word_1_264' title='bbox 1168 1915 1274 1972; x_wconf 85' lang='lat' dir='ltr'><strong><em>uerbum</em></strong></span> <span class='ocrx_word' id='word_1_265' title='bbox 1285 1931 1362 1990; x_wconf 87' lang='lat' dir='ltr'><strong><em>ruper</em></strong></span> <span class='ocrx_word' id='word_1_266' title='bbox 1374 1916 1465 1972; x_wconf 74' lang='lat' dir='ltr'><strong><em>elutum</em></strong></span> <span class='ocrx_word' id='word_1_267' title='bbox 1482 1915 1576 1974; x_wconf 85' lang='lat' dir='ltr'><strong><em>barrum</em></strong></span> <span class='ocrx_word' id='word_1_268' title='bbox 1588 1918 1601 1975; x_wconf 82' lang='lat' dir='ltr'><strong><em>i</em></strong></span> <span class='ocrx_word' id='word_1_269' title='bbox 1614 1917 1660 1975; x_wconf 74' lang='lat' dir='ltr'><strong><em>sti</em></strong></span> <span class='ocrx_word' id='word_1_270' title='bbox 1672 1916 1747 1975; x_wconf 90' lang='lat' dir='ltr'><strong><em>uira·</em></strong></span> 
     </span>
    </p>

    <p class='ocr_par' dir='ltr' id='par_1_14' title="bbox 100 1980 1749 2201">
     <span class='ocr_line' id='line_1_23' title="bbox 100 1980 1726 2061; baseline 0.004 -23"><span class='ocrx_word' id='word_1_271' title='bbox 100 1982 233 2038; x_wconf 76' lang='lat' dir='ltr'><strong><em>Attendite</em></strong></span> <span class='ocrx_word' id='word_1_272' title='bbox 245 1980 278 2037; x_wconf 84' lang='lat' dir='ltr'><strong><em>ab</em></strong></span> <span class='ocrx_word' id='word_1_273' title='bbox 292 1983 366 2039; x_wconf 90' lang='lat' dir='ltr'><strong><em>omtti</em></strong></span> <span class='ocrx_word' id='word_1_274' title='bbox 380 1983 479 2052; x_wconf 76' lang='lat' dir='ltr'><strong><em>iniquo.</em></strong></span> <span class='ocrx_word' id='word_1_275' title='bbox 952 2004 1002 2061; x_wconf 86' lang='lat' dir='ltr'><strong><em>pue</em></strong></span> <span class='ocrx_word' id='word_1_276' title='bbox 1017 2003 1076 2044; x_wconf 92' lang='lat' dir='ltr'><strong><em>cum</em></strong></span> <span class='ocrx_word' id='word_1_277' title='bbox 1089 1986 1193 2043; x_wconf 84' lang='lat' dir='ltr'><strong><em>bomine</em></strong></span> <span class='ocrx_word' id='word_1_278' title='bbox 1201 1988 1361 2061; x_wconf 73' lang='lat' dir='ltr'><strong><em>justificato.</em></strong></span> <span class='ocrx_word' id='word_1_279' title='bbox 1721 2014 1726 2022; x_wconf 93' lang='lat'><em>·</em></span> 
     </span>
     <span class='ocr_line' id='line_1_24' title="bbox 135 2051 1749 2132; baseline 0.006 -24"><span class='ocrx_word' id='word_1_280' title='bbox 135 2052 172 2108; x_wconf 74' lang='lat' dir='ltr'><strong><em>Et</em></strong></span> <span class='ocrx_word' id='word_1_281' title='bbox 186 2055 321 2109; x_wconf 82' lang='lat' dir='ltr'><strong><em>mandauit</em></strong></span> <span class='ocrx_word' id='word_1_282' title='bbox 335 2053 389 2108; x_wconf 87' lang='lat' dir='ltr'><strong><em>iltis</em></strong></span> <span class='ocrx_word' id='word_1_283' title='bbox 403 2055 542 2124; x_wconf 74' lang='lat' dir='ltr'><strong><em>uniruique</em></strong></span> <span class='ocrx_word' id='word_1_284' title='bbox 555 2051 588 2109; x_wconf 83' lang='lat' dir='ltr'><strong><em>tle</em></strong></span> <span class='ocrx_word' id='word_1_285' title='bbox 600 2054 720 2129; x_wconf 79' lang='lat' dir='ltr'><strong><em>prasino</em></strong></span> <span class='ocrx_word' id='word_1_286' title='bbox 734 2069 793 2114; x_wconf 89' lang='lat' dir='ltr'><strong><em>suo.</em></strong></span> <span class='ocrx_word' id='word_1_287' title='bbox 989 2057 1092 2116; x_wconf 82' lang='lat' dir='ltr'><strong><em>Stultus</em></strong></span> <span class='ocrx_word' id='word_1_288' title='bbox 1107 2061 1203 2115; x_wconf 89' lang='lat' dir='ltr'><strong><em>acriter</em></strong></span> <span class='ocrx_word' id='word_1_289' title='bbox 1223 2059 1433 2132; x_wconf 72' lang='lat' dir='ltr'><strong><em>improperabit:</em></strong></span> <span class='ocrx_word' id='word_1_290' title='bbox 1454 2068 1480 2116; x_wconf 91' lang='lat' dir='ltr'><strong><em>et</em></strong></span> <span class='ocrx_word' id='word_1_291' title='bbox 1502 2059 1581 2118; x_wconf 77' lang='lat' dir='ltr'><strong><em>batus</em></strong></span> <span class='ocrx_word' id='word_1_292' title='bbox 1600 2058 1749 2130; x_wconf 81' lang='lat' dir='ltr'><strong><em>tnrttseipti·</em></strong></span> 
     </span>
     <span class='ocr_line' id='line_1_25' title="bbox 137 2120 1339 2201; baseline 0.005 -21"><span class='ocrx_word' id='word_1_293' title='bbox 137 2120 196 2181; x_wconf 78' lang='lat' dir='ltr'><strong><em>Viu</em></strong></span> <span class='ocrx_word' id='word_1_294' title='bbox 216 2120 324 2180; x_wconf 83' lang='lat' dir='ltr'><strong><em>iliorum</em></strong></span> <span class='ocrx_word' id='word_1_295' title='bbox 335 2141 422 2180; x_wconf 88' lang='lat' dir='ltr'><strong><em>eoram</em></strong></span> <span class='ocrx_word' id='word_1_296' title='bbox 435 2126 492 2199; x_wconf 92' lang='lat' dir='ltr'><strong><em>ipso</em></strong></span> <span class='ocrx_word' id='word_1_297' title='bbox 505 2135 566 2182; x_wconf 87' lang='lat' dir='ltr'><strong><em>tunt</em></strong></span> <span class='ocrx_word' id='word_1_298' title='bbox 588 2138 696 2201; x_wconf 79' lang='lat' dir='ltr'><strong><em>semper,</em></strong></span> <span class='ocrx_word' id='word_1_299' title='bbox 717 2143 770 2184; x_wconf 90' lang='lat' dir='ltr'><strong><em>ttott</em></strong></span> <span class='ocrx_word' id='word_1_300' title='bbox 782 2132 841 2185; x_wconf 87' lang='lat' dir='ltr'><strong><em>sirut</em></strong></span> <span class='ocrx_word' id='word_1_301' title='bbox 854 2127 901 2186; x_wconf 90' lang='lat' dir='ltr'><strong><em>ab·</em></strong></span> <span class='ocrx_word' id='word_1_302' title='bbox 952 2132 1009 2186; x_wconf 90' lang='lat' dir='ltr'><strong><em>nati</em></strong></span> <span class='ocrx_word' id='word_1_303' title='bbox 1024 2130 1150 2190; x_wconf 77' lang='lat' dir='ltr'><strong><em>tabescere</em></strong></span> <span class='ocrx_word' id='word_1_304' title='bbox 1163 2133 1226 2200; x_wconf 77' lang='lat' dir='ltr'><strong><em>lacit</em></strong></span> <span class='ocrx_word' id='word_1_305' title='bbox 1240 2131 1339 2186; x_wconf 88' lang='lat' dir='ltr'><strong><em>oculos.</em></strong></span> 
     </span>
    </p>

    <p class='ocr_par' dir='ltr' id='par_1_15' title="bbox 100 2197 1749 2494">
     <span class='ocr_line' id='line_1_26' title="bbox 100 2197 1749 2276; baseline 0.002 -22"><span class='ocrx_word' id='word_1_306' title='bbox 100 2214 201 2254; x_wconf 85' lang='lat' dir='ltr'><strong><em>sconsre</em></strong></span> <span class='ocrx_word' id='word_1_307' title='bbox 216 2197 248 2251; x_wconf 90' lang='lat' dir='ltr'><strong><em>ab</em></strong></span> <span class='ocrx_word' id='word_1_308' title='bbox 263 2198 345 2252; x_wconf 84' lang='lat' dir='ltr'><strong><em>arulis</em></strong></span> <span class='ocrx_word' id='word_1_309' title='bbox 361 2197 456 2271; x_wconf 88' lang='lat' dir='ltr'><strong><em>ipsius.</em></strong></span> <span class='ocrx_word' id='word_1_310' title='bbox 989 2203 1057 2256; x_wconf 79' lang='lat' dir='ltr'><strong><em>Ante</em></strong></span> <span class='ocrx_word' id='word_1_311' title='bbox 1065 2203 1197 2272; x_wconf 73' lang='lat' dir='ltr'><strong><em>judicium</em></strong></span> <span class='ocrx_word' id='word_1_312' title='bbox 1217 2218 1282 2274; x_wconf 90' lang='lat' dir='ltr'><strong><em>para</em></strong></span> <span class='ocrx_word' id='word_1_313' title='bbox 1291 2203 1420 2275; x_wconf 79' lang='lat' dir='ltr'><strong><em>justitium</em></strong></span> <span class='ocrx_word' id='word_1_314' title='bbox 1436 2201 1502 2272; x_wconf 90' lang='lat' dir='ltr'><strong><em>tibi,</em></strong></span> <span class='ocrx_word' id='word_1_315' title='bbox 1523 2209 1547 2260; x_wconf 87' lang='lat' dir='ltr'><strong><em>ct</em></strong></span> <span class='ocrx_word' id='word_1_316' title='bbox 1561 2214 1698 2276; x_wconf 81' lang='lat' dir='ltr'><strong><em>untepuortt</em></strong></span> <span class='ocrx_word' id='word_1_317' title='bbox 1710 2203 1749 2258; x_wconf 89' lang='lat' dir='ltr'><strong><em>lo-</em></strong></span> 
     </span>
     <span class='ocr_line' id='line_1_27' title="bbox 133 2269 1147 2347; baseline 0.008 -25"><span class='ocrx_word' id='word_1_318' title='bbox 133 2269 170 2322; x_wconf 91' lang='lat' dir='ltr'><strong><em>ln</em></strong></span> <span class='ocrx_word' id='word_1_319' title='bbox 185 2283 396 2338; x_wconf 78' lang='lat' dir='ltr'><strong><em>unarupuamaue</em></strong></span> <span class='ocrx_word' id='word_1_320' title='bbox 408 2277 509 2343; x_wconf 80' lang='lat' dir='ltr'><strong><em>pentem</em></strong></span> <span class='ocrx_word' id='word_1_321' title='bbox 524 2269 666 2342; x_wconf 77' lang='lat' dir='ltr'><strong><em>praeposuit</em></strong></span> <span class='ocrx_word' id='word_1_322' title='bbox 676 2277 814 2330; x_wconf 85' lang='lat' dir='ltr'><strong><em>rectorem.</em></strong></span> <span class='ocrx_word' id='word_1_323' title='bbox 951 2272 1051 2347; x_wconf 79' lang='lat' dir='ltr'><strong><em>porris,</em></strong></span> <span class='ocrx_word' id='word_1_324' title='bbox 1066 2275 1147 2330; x_wconf 81' lang='lat' dir='ltr'><strong><em>aisse.</em></strong></span> 
     </span>
     <span class='ocr_line' id='line_1_28' title="bbox 135 2337 1749 2417; baseline 0.003 -23"><span class='ocrx_word' id='word_1_325' title='bbox 135 2337 170 2394; x_wconf 78' lang='lat' dir='ltr'><strong><em>li!</em></strong></span> <span class='ocrx_word' id='word_1_326' title='bbox 180 2355 244 2414; x_wconf 86' lang='lat' dir='ltr'><strong><em>pars</em></strong></span> <span class='ocrx_word' id='word_1_327' title='bbox 260 2339 321 2406; x_wconf 83' lang='lat' dir='ltr'><strong><em>liei,</em></strong></span> <span class='ocrx_word' id='word_1_328' title='bbox 337 2337 424 2394; x_wconf 85' lang='lat' dir='ltr'><strong><em>lsrael</em></strong></span> <span class='ocrx_word' id='word_1_329' title='bbox 435 2343 506 2413; x_wconf 72' lang='lat' dir='ltr'><strong><em>tarta</em></strong></span> <span class='ocrx_word' id='word_1_330' title='bbox 517 2342 555 2394; x_wconf 84' lang='lat' dir='ltr'><strong><em>esi</em></strong></span> <span class='ocrx_word' id='word_1_331' title='bbox 565 2339 714 2410; x_wconf 71' lang='lat' dir='ltr'><strong><em>manifesto.</em></strong></span> <span class='ocrx_word' id='word_1_332' title='bbox 987 2345 1055 2402; x_wconf 77' lang='lat' dir='ltr'><strong><em>riute</em></strong></span> <span class='ocrx_word' id='word_1_333' title='bbox 1074 2344 1228 2417; x_wconf 81' lang='lat' dir='ltr'><strong><em>lanpuorem</em></strong></span> <span class='ocrx_word' id='word_1_334' title='bbox 1242 2344 1340 2402; x_wconf 82' lang='lat' dir='ltr'><strong><em>adbibs</em></strong></span> <span class='ocrx_word' id='word_1_335' title='bbox 1360 2345 1577 2408; x_wconf 65' lang='lat' dir='ltr'><strong><em>urcitanensis</em></strong></span> <span class='ocrx_word' id='word_1_336' title='bbox 1597 2355 1657 2401; x_wconf 91' lang='lat' dir='ltr'><strong><em>aute</em></strong></span> <span class='ocrx_word' id='word_1_337' title='bbox 1673 2345 1749 2414; x_wconf 77' lang='lat' dir='ltr'><strong><em>iudi·</em></strong></span> 
     </span>
     <span class='ocr_line' id='line_1_29' title="bbox 136 2409 1747 2494; baseline 0.002 -27"><span class='ocrx_word' id='word_1_338' title='bbox 136 2413 172 2467; x_wconf 78' lang='lat' dir='ltr'><strong><em>Et</em></strong></span> <span class='ocrx_word' id='word_1_339' title='bbox 187 2413 277 2466; x_wconf 91' lang='lat' dir='ltr'><strong><em>omnia</em></strong></span> <span class='ocrx_word' id='word_1_340' title='bbox 289 2426 370 2484; x_wconf 92' lang='lat' dir='ltr'><strong><em>opera</em></strong></span> <span class='ocrx_word' id='word_1_341' title='bbox 384 2409 490 2466; x_wconf 87' lang='lat' dir='ltr'><strong><em>illorum</em></strong></span> <span class='ocrx_word' id='word_1_342' title='bbox 502 2411 572 2465; x_wconf 91' lang='lat' dir='ltr'><strong><em>uelut</em></strong></span> <span class='ocrx_word' id='word_1_343' title='bbox 586 2411 627 2467; x_wconf 90' lang='lat' dir='ltr'><strong><em>sol</em></strong></span> <span class='ocrx_word' id='word_1_344' title='bbox 642 2413 818 2484; x_wconf 79' lang='lat' dir='ltr'><strong><em>incomperta</em></strong></span> <span class='ocrx_word' id='word_1_345' title='bbox 833 2411 900 2471; x_wconf 80' lang='lat' dir='ltr'><strong><em>aet.-</em></strong></span> <span class='ocrx_word' id='word_1_346' title='bbox 952 2415 1021 2471; x_wconf 92' lang='lat' dir='ltr'><strong><em>cium</em></strong></span> <span class='ocrx_word' id='word_1_347' title='bbox 1037 2417 1168 2490; x_wconf 87' lang='lat' dir='ltr'><strong><em>interropa</em></strong></span> <span class='ocrx_word' id='word_1_348' title='bbox 1183 2419 1312 2490; x_wconf 90' lang='lat' dir='ltr'><strong><em>teipsum,</em></strong></span> <span class='ocrx_word' id='word_1_349' title='bbox 1330 2427 1355 2474; x_wconf 91' lang='lat' dir='ltr'><strong><em>et</em></strong></span> <span class='ocrx_word' id='word_1_350' title='bbox 1369 2417 1396 2472; x_wconf 88' lang='lat' dir='ltr'><strong><em>iu</em></strong></span> <span class='ocrx_word' id='word_1_351' title='bbox 1412 2429 1550 2494; x_wconf 87' lang='lat' dir='ltr'><strong><em>conspectu</em></strong></span> <span class='ocrx_word' id='word_1_352' title='bbox 1572 2418 1620 2476; x_wconf 86' lang='lat' dir='ltr'><strong><em>tter·</em></strong></span> <span class='ocrx_word' id='word_1_353' title='bbox 1635 2417 1747 2474; x_wconf 87' lang='lat' dir='ltr'><strong><em>inuenies</em></strong></span> 
     </span>
    </p>

    <p class='ocr_par' dir='ltr' id='par_1_16' title="bbox 100 2482 1172 2562">
     <span class='ocr_line' id='line_1_30' title="bbox 100 2482 1172 2562; baseline 0.004 -24"><span class='ocrx_word' id='word_1_354' title='bbox 100 2493 122 2538; x_wconf 88' lang='lat' dir='ltr'><strong><em>et</em></strong></span> <span class='ocrx_word' id='word_1_355' title='bbox 142 2483 213 2540; x_wconf 90' lang='lat' dir='ltr'><strong><em>oculi</em></strong></span> <span class='ocrx_word' id='word_1_356' title='bbox 237 2486 294 2558; x_wconf 76' lang='lat' dir='ltr'><strong><em>ejus</em></strong></span> <span class='ocrx_word' id='word_1_357' title='bbox 320 2483 374 2540; x_wconf 88' lang='lat' dir='ltr'><strong><em>siue</em></strong></span> <span class='ocrx_word' id='word_1_358' title='bbox 398 2482 590 2538; x_wconf 88' lang='lat' dir='ltr'><strong><em>intermissione</em></strong></span> <span class='ocrx_word' id='word_1_359' title='bbox 607 2483 774 2558; x_wconf 75' lang='lat' dir='ltr'><strong><em>inspicientes</em></strong></span> <span class='ocrx_word' id='word_1_360' title='bbox 798 2485 827 2541; x_wconf 91' lang='lat' dir='ltr'><strong><em>in</em></strong></span> <span class='ocrx_word' id='word_1_361' title='bbox 852 2488 901 2543; x_wconf 86' lang='lat' dir='ltr'><strong><em>uiis</em></strong></span> <span class='ocrx_word' id='word_1_362' title='bbox 951 2487 1172 2562; x_wconf 86' lang='lat' dir='ltr'><strong><em>propitiationem.</em></strong></span> 
     </span>
    </p>

    <p class='ocr_par' dir='ltr' id='par_1_17' title="bbox 101 2559 1748 2702">
     <span class='ocr_line' id='line_1_31' title="bbox 101 2559 1748 2635; baseline 0.003 -25"><span class='ocrx_word' id='word_1_363' title='bbox 101 2571 202 2611; x_wconf 87' lang='lat' dir='ltr'><strong><em>eorum.</em></strong></span> <span class='ocrx_word' id='word_1_364' title='bbox 987 2561 1054 2615; x_wconf 81' lang='lat' dir='ltr'><strong><em>Ante</em></strong></span> <span class='ocrx_word' id='word_1_365' title='bbox 1067 2559 1220 2632; x_wconf 85' lang='lat' dir='ltr'><strong><em>luupuorem</em></strong></span> <span class='ocrx_word' id='word_1_366' title='bbox 1235 2559 1346 2616; x_wconf 88' lang='lat' dir='ltr'><strong><em>bumilia</em></strong></span> <span class='ocrx_word' id='word_1_367' title='bbox 1360 2571 1401 2634; x_wconf 87' lang='lat' dir='ltr'><strong><em>te,</em></strong></span> <span class='ocrx_word' id='word_1_368' title='bbox 1425 2573 1449 2620; x_wconf 89' lang='lat' dir='ltr'><strong><em>et</em></strong></span> <span class='ocrx_word' id='word_1_369' title='bbox 1462 2565 1490 2621; x_wconf 85' lang='lat' dir='ltr'><strong><em>its</em></strong></span> <span class='ocrx_word' id='word_1_370' title='bbox 1504 2571 1619 2635; x_wconf 85' lang='lat' dir='ltr'><strong><em>tempore</em></strong></span> <span class='ocrx_word' id='word_1_371' title='bbox 1633 2559 1748 2632; x_wconf 72' lang='lat' dir='ltr'><strong><em>infirmi·</em></strong></span> 
     </span>
     <span class='ocr_line' id='line_1_32' title="bbox 136 2626 1460 2702; baseline 0.005 -18"><span class='ocrx_word' id='word_1_372' title='bbox 136 2629 202 2684; x_wconf 84' lang='lat' dir='ltr'><strong><em>Nou</em></strong></span> <span class='ocrx_word' id='word_1_373' title='bbox 223 2637 285 2684; x_wconf 86' lang='lat' dir='ltr'><strong><em>suut</em></strong></span> <span class='ocrx_word' id='word_1_374' title='bbox 304 2627 430 2683; x_wconf 85' lang='lat' dir='ltr'><strong><em>absconsa</em></strong></span> <span class='ocrx_word' id='word_1_375' title='bbox 443 2633 596 2683; x_wconf 87' lang='lat' dir='ltr'><strong><em>testamenta</em></strong></span> <span class='ocrx_word' id='word_1_376' title='bbox 613 2643 661 2700; x_wconf 92' lang='lat' dir='ltr'><strong><em>per</em></strong></span> <span class='ocrx_word' id='word_1_377' title='bbox 679 2626 830 2702; x_wconf 80' lang='lat' dir='ltr'><strong><em>iniquitates</em></strong></span> <span class='ocrx_word' id='word_1_378' title='bbox 853 2645 897 2686; x_wconf 90' lang='lat' dir='ltr'><strong><em>ea-</em></strong></span> <span class='ocrx_word' id='word_1_379' title='bbox 951 2633 1013 2688; x_wconf 92' lang='lat' dir='ltr'><strong><em>tatis</em></strong></span> <span class='ocrx_word' id='word_1_380' title='bbox 1028 2633 1133 2686; x_wconf 82' lang='lat' dir='ltr'><strong><em>ostende</em></strong></span> <span class='ocrx_word' id='word_1_381' title='bbox 1146 2633 1365 2690; x_wconf 76' lang='lat' dir='ltr'><strong><em>conversationem</em></strong></span> <span class='ocrx_word' id='word_1_382' title='bbox 1379 2645 1460 2690; x_wconf 92' lang='lat' dir='ltr'><strong><em>tuum.</em></strong></span> 
     </span>
    </p>

    <p class='ocr_par' dir='ltr' id='par_1_18' title="bbox 98 2695 1748 2848">
     <span class='ocr_line' id='line_1_33' title="bbox 98 2695 1748 2780; baseline 0.002 -26"><span class='ocrx_word' id='word_1_383' title='bbox 98 2716 161 2755; x_wconf 91' lang='lat' dir='ltr'><strong><em>rum</em></strong></span> <span class='ocrx_word' id='word_1_384' title='bbox 174 2702 203 2755; x_wconf 90' lang='lat' dir='ltr'><strong><em>irs</em></strong></span> <span class='ocrx_word' id='word_1_385' title='bbox 213 2709 352 2769; x_wconf 82' lang='lat' dir='ltr'><strong><em>conspecta</em></strong></span> <span class='ocrx_word' id='word_1_386' title='bbox 364 2695 425 2755; x_wconf 84' lang='lat' dir='ltr'><strong><em>liei.</em></strong></span> <span class='ocrx_word' id='word_1_387' title='bbox 989 2703 1052 2758; x_wconf 82' lang='lat' dir='ltr'><strong><em>Non</em></strong></span> <span class='ocrx_word' id='word_1_388' title='bbox 1066 2701 1218 2774; x_wconf 80' lang='lat' dir='ltr'><strong><em>imperitarls</em></strong></span> <span class='ocrx_word' id='word_1_389' title='bbox 1234 2717 1309 2757; x_wconf 88' lang='lat' dir='ltr'><strong><em>orare</em></strong></span> <span class='ocrx_word' id='word_1_390' title='bbox 1323 2720 1443 2780; x_wconf 76' lang='lat' dir='ltr'><strong><em>semiper,</em></strong></span> <span class='ocrx_word' id='word_1_391' title='bbox 1464 2715 1489 2763; x_wconf 88' lang='lat' dir='ltr'><strong><em>et</em></strong></span> <span class='ocrx_word' id='word_1_392' title='bbox 1499 2717 1531 2763; x_wconf 82' lang='lat' dir='ltr'><strong><em>ue</em></strong></span> <span class='ocrx_word' id='word_1_393' title='bbox 1541 2705 1653 2763; x_wconf 74' lang='lat' dir='ltr'><strong><em>unsaris</em></strong></span> <span class='ocrx_word' id='word_1_394' title='bbox 1666 2717 1748 2774; x_wconf 82' lang='lat' dir='ltr'><strong><em>usque</em></strong></span> 
     </span>
     <span class='ocr_line' id='line_1_34' title="bbox 134 2769 1747 2848; baseline 0.002 -23"><span class='ocrx_word' id='word_1_395' title='bbox 134 2771 311 2841; x_wconf 79' lang='lat' dir='ltr'><strong><em>Eleeurospna</em></strong></span> <span class='ocrx_word' id='word_1_396' title='bbox 330 2772 380 2825; x_wconf 86' lang='lat' dir='ltr'><strong><em>uiri</em></strong></span> <span class='ocrx_word' id='word_1_397' title='bbox 401 2771 477 2841; x_wconf 85' lang='lat' dir='ltr'><strong><em>quasi</em></strong></span> <span class='ocrx_word' id='word_1_398' title='bbox 497 2769 519 2824; x_wconf 93' lang='lat' dir='ltr'><strong><em>si</em></strong></span> <span class='ocrx_word' id='word_1_399' title='bbox 538 2769 661 2826; x_wconf 85' lang='lat' dir='ltr'><strong><em>naculum</em></strong></span> <span class='ocrx_word' id='word_1_400' title='bbox 679 2785 737 2826; x_wconf 86' lang='lat' dir='ltr'><strong><em>cum</em></strong></span> <span class='ocrx_word' id='word_1_401' title='bbox 761 2771 820 2842; x_wconf 87' lang='lat' dir='ltr'><strong><em>ipso</em></strong></span> <span class='ocrx_word' id='word_1_402' title='bbox 844 2790 853 2830; x_wconf 91' lang='grc'><strong><em>.·</em></strong></span> <span class='ocrx_word' id='word_1_403' title='bbox 876 2782 901 2831; x_wconf 89' lang='lat' dir='ltr'><strong><em>et</em></strong></span> <span class='ocrx_word' id='word_1_404' title='bbox 950 2773 986 2829; x_wconf 84' lang='lat' dir='ltr'><strong><em>ati</em></strong></span> <span class='ocrx_word' id='word_1_405' title='bbox 999 2781 1107 2831; x_wconf 90' lang='lat' dir='ltr'><strong><em>mortem</em></strong></span> <span class='ocrx_word' id='word_1_406' title='bbox 1120 2773 1264 2846; x_wconf 73' lang='lat' dir='ltr'><strong><em>justificari</em></strong></span> <span class='ocrx_word' id='word_1_407' title='bbox 1275 2791 1284 2830; x_wconf 92' lang='lat'><strong><em>:</em></strong></span> <span class='ocrx_word' id='word_1_408' title='bbox 1306 2781 1428 2848; x_wconf 84' lang='lat' dir='ltr'><strong><em>quoniam</em></strong></span> <span class='ocrx_word' id='word_1_409' title='bbox 1442 2790 1539 2835; x_wconf 88' lang='lat' dir='ltr'><strong><em>rttercts</em></strong></span> <span class='ocrx_word' id='word_1_410' title='bbox 1551 2777 1603 2834; x_wconf 84' lang='lat' dir='ltr'><strong><em>Dei</em></strong></span> <span class='ocrx_word' id='word_1_411' title='bbox 1617 2787 1703 2832; x_wconf 87' lang='lat' dir='ltr'><strong><em>tuuuet</em></strong></span> <span class='ocrx_word' id='word_1_412' title='bbox 1718 2774 1747 2829; x_wconf 92' lang='lat' dir='ltr'><strong><em>its</em></strong></span> 
     </span>
    </p>

    <p class='ocr_par' dir='ltr' id='par_1_19' title="bbox 100 2786 1748 2992">
     <span class='ocr_line' id='line_1_35' title="bbox 100 2786 536 2917; baseline -0.007 -19"><span class='ocrx_word' id='word_1_413' title='bbox 100 2845 214 2914; x_wconf 69' lang='lat' dir='ltr'><strong><em>cratium</em></strong></span> <span class='ocrx_word' id='word_1_414' title='bbox 226 2839 341 2897; x_wconf 84' lang='lat' dir='ltr'><strong><em>bominis</em></strong></span> <span class='ocrx_word' id='word_1_415' title='bbox 350 2840 426 2915; x_wconf 81' lang='lat' dir='ltr'><strong><em>qnasi</em></strong></span> <span class='ocrx_word' id='word_1_416' title='bbox 443 2786 536 2917; x_wconf 76' lang='lat' dir='ltr'><strong><em>pupili</em></strong></span> 
     </span>
     <span class='ocr_line' id='line_1_36' title="bbox 134 2910 1748 2992; baseline 0.002 -24"><span class='ocrx_word' id='word_1_417' title='bbox 134 2913 173 2968; x_wconf 84' lang='lat' dir='ltr'><strong><em>Et</em></strong></span> <span class='ocrx_word' id='word_1_418' title='bbox 187 2922 281 2984; x_wconf 88' lang='lat' dir='ltr'><strong><em>postea</em></strong></span> <span class='ocrx_word' id='word_1_419' title='bbox 293 2923 422 2988; x_wconf 84' lang='lat' dir='ltr'><strong><em>resurpet,</em></strong></span> <span class='ocrx_word' id='word_1_420' title='bbox 442 2921 467 2970; x_wconf 91' lang='lat' dir='ltr'><strong><em>et</em></strong></span> <span class='ocrx_word' id='word_1_421' title='bbox 488 2910 615 2968; x_wconf 80' lang='lat' dir='ltr'><strong><em>retribuet</em></strong></span> <span class='ocrx_word' id='word_1_422' title='bbox 636 2913 679 2968; x_wconf 89' lang='lat' dir='ltr'><strong><em>tttt</em></strong></span> <span class='ocrx_word' id='word_1_423' title='bbox 692 2915 897 2988; x_wconf 88' lang='lat' dir='ltr'><strong><em>retributionem,</em></strong></span> <span class='ocrx_word' id='word_1_424' title='bbox 988 2919 1053 2973; x_wconf 82' lang='lat' dir='ltr'><strong><em>Ante</em></strong></span> <span class='ocrx_word' id='word_1_425' title='bbox 1065 2917 1207 2974; x_wconf 87' lang='lat' dir='ltr'><strong><em>orationem</em></strong></span> <span class='ocrx_word' id='word_1_426' title='bbox 1223 2931 1342 2992; x_wconf 83' lang='lat' dir='ltr'><strong><em>purpura</em></strong></span> <span class='ocrx_word' id='word_1_427' title='bbox 1353 2921 1468 2977; x_wconf 86' lang='lat' dir='ltr'><strong><em>animum</em></strong></span> <span class='ocrx_word' id='word_1_428' title='bbox 1477 2928 1549 2977; x_wconf 87' lang='lat' dir='ltr'><strong><em>tuam</em></strong></span> <span class='ocrx_word' id='word_1_429' title='bbox 1561 2934 1571 2974; x_wconf 94' lang='lat'><strong><em>:</em></strong></span> <span class='ocrx_word' id='word_1_430' title='bbox 1584 2926 1609 2974; x_wconf 86' lang='lat' dir='ltr'><strong><em>et</em></strong></span> <span class='ocrx_word' id='word_1_431' title='bbox 1624 2915 1678 2974; x_wconf 88' lang='lat' dir='ltr'><strong><em>noli</em></strong></span> <span class='ocrx_word' id='word_1_432' title='bbox 1692 2932 1748 2974; x_wconf 89' lang='lat' dir='ltr'><strong><em>esse</em></strong></span> 
     </span>
    </p>

    <p class='ocr_par' dir='ltr' id='par_1_20' title="bbox 100 2986 1370 3063">
     <span class='ocr_line' id='line_1_37' title="bbox 100 2986 1370 3063; baseline 0.006 -24"><span class='ocrx_word' id='word_1_433' title='bbox 100 2987 244 3057; x_wconf 82' lang='lat' dir='ltr'><strong><em>uniruique</em></strong></span> <span class='ocrx_word' id='word_1_434' title='bbox 258 2987 287 3040; x_wconf 92' lang='lat' dir='ltr'><strong><em>t&#39;n</em></strong></span> <span class='ocrx_word' id='word_1_435' title='bbox 298 2996 377 3058; x_wconf 88' lang='lat' dir='ltr'><strong><em>caput</em></strong></span> <span class='ocrx_word' id='word_1_436' title='bbox 389 2986 519 3057; x_wconf 88' lang='lat' dir='ltr'><strong><em>ipsarum,</em></strong></span> <span class='ocrx_word' id='word_1_437' title='bbox 538 2992 562 3038; x_wconf 90' lang='lat' dir='ltr'><strong><em>et</em></strong></span> <span class='ocrx_word' id='word_1_438' title='bbox 580 2995 708 3040; x_wconf 86' lang='lat' dir='ltr'><strong><em>convertet</em></strong></span> <span class='ocrx_word' id='word_1_439' title='bbox 725 2989 753 3040; x_wconf 90' lang='lat' dir='ltr'><strong><em>iu</em></strong></span> <span class='ocrx_word' id='word_1_440' title='bbox 765 2988 900 3048; x_wconf 87' lang='lat' dir='ltr'><strong><em>interiores</em></strong></span> <span class='ocrx_word' id='word_1_441' title='bbox 950 2991 1026 3063; x_wconf 79' lang='lat' dir='ltr'><strong><em>quasi</em></strong></span> <span class='ocrx_word' id='word_1_442' title='bbox 1039 2989 1116 3045; x_wconf 88' lang='lat' dir='ltr'><strong><em>bomo</em></strong></span> <span class='ocrx_word' id='word_1_443' title='bbox 1127 2990 1173 3061; x_wconf 83' lang='lat' dir='ltr'><strong><em>qui</em></strong></span> <span class='ocrx_word' id='word_1_444' title='bbox 1184 2997 1263 3044; x_wconf 84' lang='lat' dir='ltr'><strong><em>lentat</em></strong></span> <span class='ocrx_word' id='word_1_445' title='bbox 1278 2989 1370 3046; x_wconf 85' lang='lat' dir='ltr'><strong><em>Deum.</em></strong></span> 
     </span>
    </p>

    <p class='ocr_par' dir='ltr' id='par_1_21' title="bbox 99 3059 1747 3206">
     <span class='ocr_line' id='line_1_38' title="bbox 99 3059 1747 3136; baseline 0.005 -26"><span class='ocrx_word' id='word_1_446' title='bbox 99 3070 187 3129; x_wconf 86' lang='lat' dir='ltr'><strong><em>partes</em></strong></span> <span class='ocrx_word' id='word_1_447' title='bbox 203 3068 291 3113; x_wconf 85' lang='lat' dir='ltr'><strong><em>terne.</em></strong></span> <span class='ocrx_word' id='word_1_448' title='bbox 987 3059 1117 3116; x_wconf 85' lang='lat' dir='ltr'><strong><em>ilenremo</em></strong></span> <span class='ocrx_word' id='word_1_449' title='bbox 1127 3063 1174 3116; x_wconf 87' lang='lat' dir='ltr'><strong><em>irre</em></strong></span> <span class='ocrx_word' id='word_1_450' title='bbox 1187 3060 1215 3114; x_wconf 92' lang='lat' dir='ltr'><strong><em>iu</em></strong></span> <span class='ocrx_word' id='word_1_451' title='bbox 1231 3059 1273 3117; x_wconf 78' lang='lat' dir='ltr'><strong><em>die</em></strong></span> <span class='ocrx_word' id='word_1_452' title='bbox 1287 3064 1538 3134; x_wconf 87' lang='lat' dir='ltr'><strong><em>cousummationis:</em></strong></span> <span class='ocrx_word' id='word_1_453' title='bbox 1558 3071 1581 3120; x_wconf 88' lang='lat' dir='ltr'><strong><em>et</em></strong></span> <span class='ocrx_word' id='word_1_454' title='bbox 1591 3071 1690 3136; x_wconf 88' lang='lat' dir='ltr'><strong><em>tempus</em></strong></span> <span class='ocrx_word' id='word_1_455' title='bbox 1705 3075 1747 3118; x_wconf 88' lang='lat' dir='ltr'><strong><em>rc-</em></strong></span> 
     </span>
     <span class='ocr_line' id='line_1_39' title="bbox 134 3126 1445 3206; baseline 0.007 -24"><span class='ocrx_word' id='word_1_456' title='bbox 134 3127 326 3186; x_wconf 83' lang='lat' dir='ltr'><strong><em>Poenileutibur</em></strong></span> <span class='ocrx_word' id='word_1_457' title='bbox 334 3138 420 3183; x_wconf 90' lang='lat' dir='ltr'><strong><em>autem</em></strong></span> <span class='ocrx_word' id='word_1_458' title='bbox 430 3127 503 3183; x_wconf 84' lang='lat' dir='ltr'><strong><em>aettt</em></strong></span> <span class='ocrx_word' id='word_1_459' title='bbox 512 3126 580 3182; x_wconf 88' lang='lat' dir='ltr'><strong><em>riam</em></strong></span> <span class='ocrx_word' id='word_1_460' title='bbox 587 3127 710 3200; x_wconf 74' lang='lat' dir='ltr'><strong><em>iustitia,</em></strong></span> <span class='ocrx_word' id='word_1_461' title='bbox 722 3137 746 3185; x_wconf 87' lang='lat' dir='ltr'><strong><em>el</em></strong></span> <span class='ocrx_word' id='word_1_462' title='bbox 758 3131 900 3202; x_wconf 72' lang='lat' dir='ltr'><strong><em>confirma·</em></strong></span> <span class='ocrx_word' id='word_1_463' title='bbox 951 3133 1100 3188; x_wconf 80' lang='lat' dir='ltr'><strong><em>tributionis</em></strong></span> <span class='ocrx_word' id='word_1_464' title='bbox 1112 3134 1139 3188; x_wconf 91' lang='lat' dir='ltr'><strong><em>in</em></strong></span> <span class='ocrx_word' id='word_1_465' title='bbox 1154 3135 1347 3191; x_wconf 85' lang='lat' dir='ltr'><strong><em>conuersatione</em></strong></span> <span class='ocrx_word' id='word_1_466' title='bbox 1358 3136 1445 3206; x_wconf 71' lang='lat' dir='ltr'><strong><em>faciel.</em></strong></span> 
     </span>
    </p>

    <p class='ocr_par' dir='ltr' id='par_1_22' title="bbox 100 3197 1749 3280">
     <span class='ocr_line' id='line_1_40' title="bbox 100 3197 1749 3280; baseline 0.003 -28"><span class='ocrx_word' id='word_1_467' title='bbox 100 3201 135 3253; x_wconf 81' lang='lat' dir='ltr'><strong><em>iit</em></strong></span> <span class='ocrx_word' id='word_1_468' title='bbox 146 3200 299 3271; x_wconf 73' lang='lat' dir='ltr'><strong><em>aspicientes</em></strong></span> <span class='ocrx_word' id='word_1_469' title='bbox 312 3201 451 3269; x_wconf 81' lang='lat' dir='ltr'><strong><em>sustinere,</em></strong></span> <span class='ocrx_word' id='word_1_470' title='bbox 463 3207 489 3255; x_wconf 90' lang='lat' dir='ltr'><strong><em>et</em></strong></span> <span class='ocrx_word' id='word_1_471' title='bbox 502 3197 640 3254; x_wconf 78' lang='lat' dir='ltr'><strong><em>destinauit</em></strong></span> <span class='ocrx_word' id='word_1_472' title='bbox 653 3199 707 3254; x_wconf 86' lang='lat' dir='ltr'><strong><em>ittts</em></strong></span> <span class='ocrx_word' id='word_1_473' title='bbox 723 3213 818 3258; x_wconf 88' lang='lat' dir='ltr'><strong><em>sortem</em></strong></span> <span class='ocrx_word' id='word_1_474' title='bbox 830 3204 899 3260; x_wconf 87' lang='lat' dir='ltr'><strong><em>reri·</em></strong></span> <span class='ocrx_word' id='word_1_475' title='bbox 988 3203 1118 3260; x_wconf 81' lang='lat' dir='ltr'><strong><em>lietueuto</em></strong></span> <span class='ocrx_word' id='word_1_476' title='bbox 1131 3205 1290 3280; x_wconf 78' lang='lat' dir='ltr'><strong><em>paupertatis</em></strong></span> <span class='ocrx_word' id='word_1_477' title='bbox 1305 3207 1457 3278; x_wconf 86' lang='lat' dir='ltr'><strong><em>intempore</em></strong></span> <span class='ocrx_word' id='word_1_478' title='bbox 1471 3206 1655 3274; x_wconf 79' lang='lat' dir='ltr'><strong><em>ubundautioe,</em></strong></span> <span class='ocrx_word' id='word_1_479' title='bbox 1666 3209 1690 3261; x_wconf 88' lang='lat' dir='ltr'><strong><em>el</em></strong></span> <span class='ocrx_word' id='word_1_480' title='bbox 1702 3219 1749 3258; x_wconf 91' lang='lat' dir='ltr'><strong><em>ue·</em></strong></span> 
     </span>
    </p>

    <p class='ocr_par' dir='ltr' id='par_1_23' title="bbox 100 3265 1747 3424">
     <span class='ocr_line' id='line_1_41' title="bbox 100 3265 1548 3348; baseline 0.005 -23"><span class='ocrx_word' id='word_1_481' title='bbox 100 3273 173 3328; x_wconf 85' lang='lat' dir='ltr'><strong><em>tutis.</em></strong></span> <span class='ocrx_word' id='word_1_482' title='bbox 912 3265 936 3333; x_wconf 84' lang='lat' dir='ltr'>C</span> <span class='ocrx_word' id='word_1_483' title='bbox 952 3277 1100 3331; x_wconf 88' lang='lat' dir='ltr'><strong><em>cessitaturu</em></strong></span> <span class='ocrx_word' id='word_1_484' title='bbox 1116 3277 1279 3348; x_wconf 85' lang='lat' dir='ltr'><strong><em>paupertatis</em></strong></span> <span class='ocrx_word' id='word_1_485' title='bbox 1291 3279 1318 3332; x_wconf 89' lang='lat' dir='ltr'><strong><em>in</em></strong></span> <span class='ocrx_word' id='word_1_486' title='bbox 1334 3279 1376 3334; x_wconf 84' lang='lat' dir='ltr'><strong><em>ate</em></strong></span> <span class='ocrx_word' id='word_1_487' title='bbox 1388 3279 1548 3335; x_wconf 77' lang='lat' dir='ltr'><strong><em>diuitiarum.</em></strong></span> 
     </span>
     <span class='ocr_line' id='line_1_42' title="bbox 134 3339 1747 3424; baseline 0.003 -26"><span class='ocrx_word' id='word_1_488' title='bbox 134 3339 338 3400; x_wconf 66' lang='lat' dir='ltr'><strong><em>Contumelia</em></strong></span> <span class='ocrx_word' id='word_1_489' title='bbox 352 3339 508 3408; x_wconf 83' lang='lat' dir='ltr'><strong><em>Demittunt,</em></strong></span> <span class='ocrx_word' id='word_1_490' title='bbox 520 3350 546 3400; x_wconf 85' lang='lat' dir='ltr'><strong><em>et</em></strong></span> <span class='ocrx_word' id='word_1_491' title='bbox 558 3341 861 3414; x_wconf 83' lang='lat' dir='ltr'><strong><em>relinquepeoeatatua.</em></strong></span> <span class='ocrx_word' id='word_1_492' title='bbox 986 3350 1009 3401; x_wconf 82' lang='lat' dir='ltr'><strong><em>A</em></strong></span> <span class='ocrx_word' id='word_1_493' title='bbox 1022 3363 1097 3402; x_wconf 79' lang='lat' dir='ltr'><strong><em>ritune</em></strong></span> <span class='ocrx_word' id='word_1_494' title='bbox 1119 3363 1201 3419; x_wconf 82' lang='lat' dir='ltr'><strong><em>uspue</em></strong></span> <span class='ocrx_word' id='word_1_495' title='bbox 1224 3347 1259 3401; x_wconf 85' lang='lat' dir='ltr'><strong><em>uti</em></strong></span> <span class='ocrx_word' id='word_1_496' title='bbox 1282 3362 1414 3424; x_wconf 81' lang='lat' dir='ltr'><strong><em>uesperum</em></strong></span> <span class='ocrx_word' id='word_1_497' title='bbox 1431 3348 1612 3406; x_wconf 85' lang='lat' dir='ltr'><strong><em>immutabitur</em></strong></span> <span class='ocrx_word' id='word_1_498' title='bbox 1635 3357 1747 3421; x_wconf 88' lang='lat' dir='ltr'><strong><em>tempus,</em></strong></span> 
     </span>
    </p>
   </div>
   <div class='ocr_carea' id='block_1_3' title="bbox 529 2843 1084 2904">
    <p class='ocr_par' dir='ltr' id='par_1_24' title="bbox 529 2843 1084 2904">
     <span class='ocr_line' id='line_1_43' title="bbox 529 2843 1084 2904; baseline 0.016 -11"><span class='ocrx_word' id='word_1_499' title='bbox 529 2843 753 2898; x_wconf 83' lang='lat' dir='ltr'><strong><em>anrousrruattt.</em></strong></span> <span class='ocrx_word' id='word_1_500' title='bbox 950 2855 1084 2904; x_wconf 83' lang='lat' dir='ltr'><strong><em>aternum.</em></strong></span> 
     </span>
    </p>
   </div>
   <div class='ocr_carea' id='block_1_4' title="bbox 135 3414 1442 3542">
    <p class='ocr_par' dir='ltr' id='par_1_25' title="bbox 135 3414 1442 3542">
     <span class='ocr_line' id='line_1_44' title="bbox 135 3414 1442 3542; baseline 0.004 -73"><span class='ocrx_word' id='word_1_501' title='bbox 135 3415 251 3470; x_wconf 87' lang='lat' dir='ltr'><strong><em>Precure</em></strong></span> <span class='ocrx_word' id='word_1_502' title='bbox 263 3425 325 3472; x_wconf 89' lang='lat' dir='ltr'><strong><em>onte</em></strong></span> <span class='ocrx_word' id='word_1_503' title='bbox 332 3415 432 3542; x_wconf 51' lang='lat' dir='ltr'><strong><em>birsicus</em></strong></span> <span class='ocrx_word' id='word_1_504' title='bbox 445 3414 561 3484; x_wconf 87' lang='lat' dir='ltr'><strong><em>Domini,</em></strong></span> <span class='ocrx_word' id='word_1_505' title='bbox 571 3422 594 3468; x_wconf 89' lang='lat' dir='ltr'><strong><em>et</em></strong></span> <span class='ocrx_word' id='word_1_506' title='bbox 607 3415 694 3469; x_wconf 88' lang='lat' dir='ltr'><strong><em>mimte</em></strong></span> <span class='ocrx_word' id='word_1_507' title='bbox 707 3415 878 3483; x_wconf 72' lang='lat' dir='ltr'><strong><em>offendicula.</em></strong></span> <span class='ocrx_word' id='word_1_508' title='bbox 951 3427 975 3474; x_wconf 88' lang='lat' dir='ltr'><strong><em>et</em></strong></span> <span class='ocrx_word' id='word_1_509' title='bbox 989 3417 1044 3472; x_wconf 83' lang='lat' dir='ltr'><strong><em>bore</em></strong></span> <span class='ocrx_word' id='word_1_510' title='bbox 1057 3421 1144 3475; x_wconf 90' lang='lat' dir='ltr'><strong><em>omniu</em></strong></span> <span class='ocrx_word' id='word_1_511' title='bbox 1159 3419 1237 3472; x_wconf 90' lang='lat' dir='ltr'><strong><em>citata</em></strong></span> <span class='ocrx_word' id='word_1_512' title='bbox 1250 3418 1278 3474; x_wconf 88' lang='lat' dir='ltr'><strong><em>in</em></strong></span> <span class='ocrx_word' id='word_1_513' title='bbox 1290 3421 1372 3477; x_wconf 89' lang='lat' dir='ltr'><strong><em>oculis</em></strong></span> <span class='ocrx_word' id='word_1_514' title='bbox 1382 3419 1442 3476; x_wconf 82' lang='lat' dir='ltr'><strong><em>tter.</em></strong></span> 
     </span>
    </p>
   </div>
   <div class='ocr_carea' id='block_1_5' title="bbox 98 3485 1750 3619">
    <p class='ocr_par' dir='ltr' id='par_1_26' title="bbox 98 3485 1750 3619">
     <span class='ocr_line' id='line_1_45' title="bbox 137 3485 1750 3561; baseline 0.002 -19"><span class='ocrx_word' id='word_1_515' title='bbox 137 3486 277 3542; x_wconf 82' lang='lat' dir='ltr'><strong><em>limertere</em></strong></span> <span class='ocrx_word' id='word_1_516' title='bbox 287 3485 323 3542; x_wconf 84' lang='lat' dir='ltr'><strong><em>ati</em></strong></span> <span class='ocrx_word' id='word_1_517' title='bbox 359 3487 487 3550; x_wconf 90' lang='lat' dir='ltr'><strong><em>ominum,</em></strong></span> <span class='ocrx_word' id='word_1_518' title='bbox 498 3495 522 3540; x_wconf 88' lang='lat' dir='ltr'><strong><em>et</em></strong></span> <span class='ocrx_word' id='word_1_519' title='bbox 532 3495 646 3542; x_wconf 84' lang='lat' dir='ltr'><strong><em>auertere</em></strong></span> <span class='ocrx_word' id='word_1_520' title='bbox 662 3486 833 3560; x_wconf 80' lang='lat' dir='ltr'><strong><em>abiujurtltia</em></strong></span> <span class='ocrx_word' id='word_1_521' title='bbox 842 3497 898 3558; x_wconf 90' lang='lat' dir='ltr'><strong><em>tua,</em></strong></span> <span class='ocrx_word' id='word_1_522' title='bbox 986 3489 1074 3545; x_wconf 83' lang='lat' dir='ltr'><strong><em>Homo</em></strong></span> <span class='ocrx_word' id='word_1_523' title='bbox 1088 3493 1193 3559; x_wconf 86' lang='lat' dir='ltr'><strong><em>sapiens</em></strong></span> <span class='ocrx_word' id='word_1_524' title='bbox 1203 3491 1230 3544; x_wconf 90' lang='lat' dir='ltr'><strong><em>iu</em></strong></span> <span class='ocrx_word' id='word_1_525' title='bbox 1244 3492 1362 3547; x_wconf 87' lang='lat' dir='ltr'><strong><em>omuibus</em></strong></span> <span class='ocrx_word' id='word_1_526' title='bbox 1376 3500 1485 3561; x_wconf 87' lang='lat' dir='ltr'><strong><em>metuet,</em></strong></span> <span class='ocrx_word' id='word_1_527' title='bbox 1497 3501 1523 3549; x_wconf 88' lang='lat' dir='ltr'><strong><em>et</em></strong></span> <span class='ocrx_word' id='word_1_528' title='bbox 1537 3495 1564 3548; x_wconf 90' lang='lat' dir='ltr'><strong><em>lrt</em></strong></span> <span class='ocrx_word' id='word_1_529' title='bbox 1577 3493 1667 3548; x_wconf 81' lang='lat' dir='ltr'><strong><em>:liebus</em></strong></span> <span class='ocrx_word' id='word_1_530' title='bbox 1682 3489 1750 3546; x_wconf 83' lang='lat' dir='ltr'><strong><em>aell-</em></strong></span> 
     </span>
     <span class='ocr_line' id='line_1_46' title="bbox 98 3558 1340 3619; baseline 0.002 -3"><span class='ocrx_word' id='word_1_531' title='bbox 98 3570 121 3616; x_wconf 85' lang='lat' dir='ltr'><strong><em>el</em></strong></span> <span class='ocrx_word' id='word_1_532' title='bbox 135 3560 217 3613; x_wconf 88' lang='lat' dir='ltr'><strong><em>nimis</em></strong></span> <span class='ocrx_word' id='word_1_533' title='bbox 236 3560 309 3614; x_wconf 79' lang='lat' dir='ltr'><strong><em>odito</em></strong></span> <span class='ocrx_word' id='word_1_534' title='bbox 325 3558 540 3614; x_wconf 76' lang='lat' dir='ltr'><strong><em>eusecratiourm.</em></strong></span> <span class='ocrx_word' id='word_1_535' title='bbox 950 3569 1052 3616; x_wconf 87' lang='lat' dir='ltr'><strong><em>crorum</em></strong></span> <span class='ocrx_word' id='word_1_536' title='bbox 1062 3562 1178 3619; x_wconf 75' lang='lat' dir='ltr'><strong><em>attendet</em></strong></span> <span class='ocrx_word' id='word_1_537' title='bbox 1190 3559 1223 3616; x_wconf 89' lang='lat' dir='ltr'><strong><em>ab</em></strong></span> <span class='ocrx_word' id='word_1_538' title='bbox 1236 3562 1340 3618; x_wconf 85' lang='lat' dir='ltr'><strong><em>inertia.</em></strong></span> 
     </span>
    </p>
   </div>
   <div class='ocr_carea' id='block_1_6' title="bbox 134 3619 1868 3708">
    <p class='ocr_par' dir='ltr' id='par_1_27' title="bbox 134 3619 1868 3708">
     <span class='ocr_line' id='line_1_47' title="bbox 134 3619 1868 3708; baseline 0.001 -20"><span class='ocrx_word' id='word_1_539' title='bbox 134 3631 171 3688; x_wconf 79' lang='lat' dir='ltr'><strong><em>Et</em></strong></span> <span class='ocrx_word' id='word_1_540' title='bbox 185 3646 317 3704; x_wconf 84' lang='lat' dir='ltr'><strong><em>capnosre</em></strong></span> <span class='ocrx_word' id='word_1_541' title='bbox 327 3630 447 3705; x_wconf 78' lang='lat' dir='ltr'><strong><em>justitias</em></strong></span> <span class='ocrx_word' id='word_1_542' title='bbox 460 3628 597 3702; x_wconf 80' lang='lat' dir='ltr'><strong><em>etjuaicia</em></strong></span> <span class='ocrx_word' id='word_1_543' title='bbox 616 3625 675 3696; x_wconf 86' lang='lat' dir='ltr'><strong><em>Dei,</em></strong></span> <span class='ocrx_word' id='word_1_544' title='bbox 694 3635 777 3684; x_wconf 86' lang='lat' dir='ltr'><strong><em>etsta</em></strong></span> <span class='ocrx_word' id='word_1_545' title='bbox 791 3631 900 3688; x_wconf 84' lang='lat' dir='ltr'><strong><em>lusorie</em></strong></span> <span class='ocrx_word' id='word_1_546' title='bbox 988 3631 1079 3688; x_wconf 88' lang='lat' dir='ltr'><strong><em>Omnis</em></strong></span> <span class='ocrx_word' id='word_1_547' title='bbox 1098 3643 1201 3688; x_wconf 87' lang='lat' dir='ltr'><strong><em>astutus</em></strong></span> <span class='ocrx_word' id='word_1_548' title='bbox 1223 3638 1339 3704; x_wconf 86' lang='lat' dir='ltr'><strong><em>opuoscit</em></strong></span> <span class='ocrx_word' id='word_1_549' title='bbox 1362 3634 1538 3708; x_wconf 89' lang='lat' dir='ltr'><strong><em>sapientiam,</em></strong></span> <span class='ocrx_word' id='word_1_550' title='bbox 1562 3645 1587 3692; x_wconf 87' lang='lat' dir='ltr'><strong><em>et</em></strong></span> <span class='ocrx_word' id='word_1_551' title='bbox 1608 3632 1749 3691; x_wconf 85' lang='lat' dir='ltr'><strong><em>invenienti</em></strong></span> <span class='ocrx_word' id='word_1_552' title='bbox 1864 3619 1868 3628; x_wconf 56' lang='lat'>¹</span> 
     </span>
    </p>
   </div>
   <div class='ocr_carea' id='block_1_7' title="bbox 92 3698 1759 6004">
    <p class='ocr_par' dir='ltr' id='par_1_28' title="bbox 92 3698 1759 6004">
     <span class='ocr_line' id='line_1_48' title="bbox 100 3698 1305 3776; baseline 0.002 -18"><span class='ocrx_word' id='word_1_553' title='bbox 100 3703 302 3776; x_wconf 86' lang='lat' dir='ltr'><strong><em>propositionis,</em></strong></span> <span class='ocrx_word' id='word_1_554' title='bbox 320 3712 345 3757; x_wconf 89' lang='lat' dir='ltr'><strong><em>et</em></strong></span> <span class='ocrx_word' id='word_1_555' title='bbox 360 3701 486 3755; x_wconf 87' lang='lat' dir='ltr'><strong><em>orationis</em></strong></span> <span class='ocrx_word' id='word_1_556' title='bbox 506 3699 629 3755; x_wconf 89' lang='lat' dir='ltr'><strong><em>altissimi</em></strong></span> <span class='ocrx_word' id='word_1_557' title='bbox 644 3698 703 3754; x_wconf 82' lang='lat' dir='ltr'><strong><em>liei.</em></strong></span> <span class='ocrx_word' id='word_1_558' title='bbox 950 3716 1007 3758; x_wconf 87' lang='lat' dir='ltr'><strong><em>eom</em></strong></span> <span class='ocrx_word' id='word_1_559' title='bbox 1022 3703 1093 3758; x_wconf 84' lang='lat' dir='ltr'><strong><em>autu</em></strong></span> <span class='ocrx_word' id='word_1_560' title='bbox 1108 3703 1305 3772; x_wconf 73' lang='lat' dir='ltr'><strong><em>consessionem.</em></strong></span> 
     </span>
     <span class='ocr_line' id='line_1_49' title="bbox 132 3771 1752 3854; baseline 0.001 -25"><span class='ocrx_word' id='word_1_561' title='bbox 132 3776 168 3830; x_wconf 90' lang='lat' dir='ltr'><strong><em>ln</em></strong></span> <span class='ocrx_word' id='word_1_562' title='bbox 182 3785 273 3848; x_wconf 77' lang='lat' dir='ltr'><strong><em>parrer</em></strong></span> <span class='ocrx_word' id='word_1_563' title='bbox 287 3772 352 3828; x_wconf 80' lang='lat' dir='ltr'><strong><em>rade</em></strong></span> <span class='ocrx_word' id='word_1_564' title='bbox 367 3771 457 3828; x_wconf 76' lang='lat' dir='ltr'><strong><em>seculi</em></strong></span> <span class='ocrx_word' id='word_1_565' title='bbox 471 3772 573 3838; x_wconf 86' lang='lat' dir='ltr'><strong><em>sancti,</em></strong></span> <span class='ocrx_word' id='word_1_566' title='bbox 586 3785 645 3826; x_wconf 87' lang='lat' dir='ltr'><strong><em>rum</em></strong></span> <span class='ocrx_word' id='word_1_567' title='bbox 660 3773 723 3827; x_wconf 85' lang='lat' dir='ltr'><strong><em>riuis</em></strong></span> <span class='ocrx_word' id='word_1_568' title='bbox 736 3778 761 3826; x_wconf 91' lang='lat' dir='ltr'><strong><em>et</em></strong></span> <span class='ocrx_word' id='word_1_569' title='bbox 772 3771 900 3830; x_wconf 82' lang='lat' dir='ltr'><strong><em>stantibus</em></strong></span> <span class='ocrx_word' id='word_1_570' title='bbox 987 3774 1094 3832; x_wconf 89' lang='lat' dir='ltr'><strong><em>Seusoti</em></strong></span> <span class='ocrx_word' id='word_1_571' title='bbox 1108 3776 1134 3830; x_wconf 88' lang='lat' dir='ltr'><strong><em>in</em></strong></span> <span class='ocrx_word' id='word_1_572' title='bbox 1150 3774 1232 3831; x_wconf 86' lang='lat' dir='ltr'><strong><em>uerbis</em></strong></span> <span class='ocrx_word' id='word_1_573' title='bbox 1248 3773 1334 3850; x_wconf 81' lang='lat' dir='ltr'><strong><em>stipsi</em></strong></span> <span class='ocrx_word' id='word_1_574' title='bbox 1351 3777 1483 3848; x_wconf 88' lang='lat' dir='ltr'><strong><em>sapienter</em></strong></span> <span class='ocrx_word' id='word_1_575' title='bbox 1497 3783 1619 3854; x_wconf 83' lang='lat' dir='ltr'><strong><em>eperunt:</em></strong></span> <span class='ocrx_word' id='word_1_576' title='bbox 1634 3785 1658 3832; x_wconf 94' lang='lat' dir='ltr'><strong><em>et</em></strong></span> <span class='ocrx_word' id='word_1_577' title='bbox 1673 3775 1752 3830; x_wconf 51' lang='lat' dir='ltr'><strong><em>intel*</em></strong></span> 
     </span>
     <span class='ocr_line' id='line_1_50' title="bbox 98 3843 1750 3922; baseline -0.001 -20"><span class='ocrx_word' id='word_1_578' title='bbox 98 3849 292 3918; x_wconf 73' lang='lat' dir='ltr'><strong><em>consessionem</em></strong></span> <span class='ocrx_word' id='word_1_579' title='bbox 307 3843 372 3900; x_wconf 86' lang='lat' dir='ltr'><strong><em>aea.</em></strong></span> <span class='ocrx_word' id='word_1_580' title='bbox 950 3846 1068 3902; x_wconf 79' lang='lat' dir='ltr'><strong><em>leserunt</em></strong></span> <span class='ocrx_word' id='word_1_581' title='bbox 1093 3847 1225 3902; x_wconf 83' lang='lat' dir='ltr'><strong><em>ueritatem</em></strong></span> <span class='ocrx_word' id='word_1_582' title='bbox 1242 3853 1266 3899; x_wconf 91' lang='lat' dir='ltr'><strong><em>et</em></strong></span> <span class='ocrx_word' id='word_1_583' title='bbox 1277 3849 1428 3922; x_wconf 82' lang='lat' dir='ltr'><strong><em>justitium,</em></strong></span> <span class='ocrx_word' id='word_1_584' title='bbox 1451 3859 1476 3902; x_wconf 88' lang='lat' dir='ltr'><strong><em>et</em></strong></span> <span class='ocrx_word' id='word_1_585' title='bbox 1499 3849 1671 3921; x_wconf 80' lang='lat' dir='ltr'><strong><em>impleverunt</em></strong></span> <span class='ocrx_word' id='word_1_586' title='bbox 1688 3857 1750 3916; x_wconf 84' lang='lat' dir='ltr'><strong><em>pro-</em></strong></span> 
     </span>
     <span class='ocr_line' id='line_1_51' title="bbox 134 3911 1237 3989; baseline -0.002 -15"><span class='ocrx_word' id='word_1_587' title='bbox 134 3920 199 3974; x_wconf 84' lang='lat' dir='ltr'><strong><em>lllon</em></strong></span> <span class='ocrx_word' id='word_1_588' title='bbox 223 3917 366 3973; x_wconf 84' lang='lat' dir='ltr'><strong><em>cleruoreris</em></strong></span> <span class='ocrx_word' id='word_1_589' title='bbox 386 3919 416 3974; x_wconf 90' lang='lat' dir='ltr'><strong><em>iu</em></strong></span> <span class='ocrx_word' id='word_1_590' title='bbox 438 3911 680 3988; x_wconf 87' lang='lat' dir='ltr'><strong><em>erroreimpiorum</em></strong></span> <span class='ocrx_word' id='word_1_591' title='bbox 693 3931 702 3972; x_wconf 97' lang='lat'><strong><em>:</em></strong></span> <span class='ocrx_word' id='word_1_592' title='bbox 717 3921 899 3974; x_wconf 80' lang='lat' dir='ltr'><strong><em>antemusium</em></strong></span> <span class='ocrx_word' id='word_1_593' title='bbox 950 3918 1038 3973; x_wconf 89' lang='lat' dir='ltr'><strong><em>uerbia</em></strong></span> <span class='ocrx_word' id='word_1_594' title='bbox 1048 3926 1073 3973; x_wconf 93' lang='lat' dir='ltr'><strong><em>et</em></strong></span> <span class='ocrx_word' id='word_1_595' title='bbox 1078 3917 1193 3989; x_wconf 72' lang='lat' dir='ltr'><strong><em>iudicia.</em></strong></span> <span class='ocrx_word' id='word_1_596' title='bbox 1235 3927 1237 3932; x_wconf 81' lang='grc'>’</span> 
     </span>
     <span class='ocr_line' id='line_1_52' title="bbox 97 3985 1747 4065; baseline -0.001 -20"><span class='ocrx_word' id='word_1_597' title='bbox 97 3991 235 4061; x_wconf 74' lang='lat' dir='ltr'><strong><em>confitere.</em></strong></span> <span class='ocrx_word' id='word_1_598' title='bbox 250 3991 271 4044; x_wconf 78' lang='grc' dir='ltr'><strong><em>Α</em></strong></span> <span class='ocrx_word' id='word_1_599' title='bbox 285 3997 389 4045; x_wconf 91' lang='lat' dir='ltr'><strong><em>mortuo</em></strong></span> <span class='ocrx_word' id='word_1_600' title='bbox 402 3989 479 4062; x_wconf 88' lang='lat' dir='ltr'><strong><em>puori</em></strong></span> <span class='ocrx_word' id='word_1_601' title='bbox 493 3985 559 4043; x_wconf 87' lang='lat' dir='ltr'><strong><em>nibil</em></strong></span> <span class='ocrx_word' id='word_1_602' title='bbox 572 3989 639 4057; x_wconf 87' lang='lat' dir='ltr'><strong><em>perit</em></strong></span> <span class='ocrx_word' id='word_1_603' title='bbox 653 3991 791 4059; x_wconf 69' lang='lat' dir='ltr'><strong><em>confessio.</em></strong></span> <span class='ocrx_word' id='word_1_604' title='bbox 987 3987 1051 4044; x_wconf 89' lang='lat' dir='ltr'><strong><em>Post</em></strong></span> <span class='ocrx_word' id='word_1_605' title='bbox 1075 3992 1297 4065; x_wconf 86' lang='lat' dir='ltr'><strong><em>concupiscentias</em></strong></span> <span class='ocrx_word' id='word_1_606' title='bbox 1320 4001 1378 4048; x_wconf 88' lang='lat' dir='ltr'><strong><em>tuas</em></strong></span> <span class='ocrx_word' id='word_1_607' title='bbox 1400 4005 1451 4047; x_wconf 88' lang='lat' dir='ltr'><strong><em>uon</em></strong></span> <span class='ocrx_word' id='word_1_608' title='bbox 1461 4005 1527 4059; x_wconf 89' lang='lat' dir='ltr'><strong><em>eus,</em></strong></span> <span class='ocrx_word' id='word_1_609' title='bbox 1548 3999 1572 4045; x_wconf 90' lang='lat' dir='ltr'><strong><em>et</em></strong></span> <span class='ocrx_word' id='word_1_610' title='bbox 1585 4005 1601 4045; x_wconf 88' lang='grc' dir='ltr'>α</span> <span class='ocrx_word' id='word_1_611' title='bbox 1614 3990 1747 4046; x_wconf 83' lang='lat' dir='ltr'><strong><em>uoluntate</em></strong></span> 
     </span>
     <span class='ocr_line' id='line_1_53' title="bbox 134 4057 1131 4190; baseline -0.002 -72"><span class='ocrx_word' id='word_1_612' title='bbox 134 4062 328 4190; x_wconf 54' lang='lat' dir='ltr'><strong><em>(impuberis,</em></strong></span> <span class='ocrx_word' id='word_1_613' title='bbox 354 4065 379 4116; x_wconf 90' lang='lat' dir='ltr'><strong><em>el</em></strong></span> <span class='ocrx_word' id='word_1_614' title='bbox 395 4058 514 4116; x_wconf 82' lang='lat' dir='ltr'><strong><em>laudabis</em></strong></span> <span class='ocrx_word' id='word_1_615' title='bbox 535 4057 636 4126; x_wconf 85' lang='lat' dir='ltr'><strong><em>Deum,</em></strong></span> <span class='ocrx_word' id='word_1_616' title='bbox 657 4069 679 4114; x_wconf 90' lang='lat' dir='ltr'><strong><em>et</em></strong></span> <span class='ocrx_word' id='word_1_617' title='bbox 696 4062 859 4134; x_wconf 82' lang='lat' dir='ltr'><strong><em>plorirrberir,</em></strong></span> <span class='ocrx_word' id='word_1_618' title='bbox 873 4071 900 4118; x_wconf 91' lang='lat' dir='ltr'><strong><em>et</em></strong></span> <span class='ocrx_word' id='word_1_619' title='bbox 951 4071 997 4117; x_wconf 91' lang='lat' dir='ltr'><strong><em>tua</em></strong></span> <span class='ocrx_word' id='word_1_620' title='bbox 1008 4070 1131 4117; x_wconf 85' lang='lat' dir='ltr'><strong><em>auertere.</em></strong></span> 
     </span>
     <span class='ocr_line' id='line_1_54' title="bbox 97 4134 179 4190; baseline 0.049 -4"><span class='ocrx_word' id='word_1_621' title='bbox 97 4134 179 4190; x_wconf 76' lang='lat' dir='ltr'><strong><em>lauda</em></strong></span> 
     </span>
     <span class='ocr_line' id='line_1_55' title="bbox 95 4204 1352 4278; baseline 0.002 -18"><span class='ocrx_word' id='word_1_622' title='bbox 95 4204 160 4263; x_wconf 77' lang='lat' dir='ltr'><strong><em>lius.</em></strong></span> <span class='ocrx_word' id='word_1_623' title='bbox 950 4207 1015 4261; x_wconf 89' lang='lat' dir='ltr'><strong><em>lein</em></strong></span> <span class='ocrx_word' id='word_1_624' title='bbox 1028 4207 1152 4278; x_wconf 82' lang='lat' dir='ltr'><strong><em>porraium</em></strong></span> <span class='ocrx_word' id='word_1_625' title='bbox 1165 4207 1278 4262; x_wconf 89' lang='lat' dir='ltr'><strong><em>inimicis</em></strong></span> <span class='ocrx_word' id='word_1_626' title='bbox 1291 4209 1352 4264; x_wconf 89' lang='lat' dir='ltr'><strong><em>tuis.</em></strong></span> 
     </span>
     <span class='ocr_line' id='line_1_56' title="bbox 134 4274 1749 4352; baseline -0.002 -20"><span class='ocrx_word' id='word_1_627' title='bbox 134 4280 225 4346; x_wconf 78' lang='lat' dir='ltr'><strong><em>Quium</em></strong></span> <span class='ocrx_word' id='word_1_628' title='bbox 248 4291 346 4352; x_wconf 79' lang='lat' dir='ltr'><strong><em>maptta</em></strong></span> <span class='ocrx_word' id='word_1_629' title='bbox 366 4277 547 4334; x_wconf 78' lang='lat' dir='ltr'><strong><em>misericordia</em></strong></span> <span class='ocrx_word' id='word_1_630' title='bbox 565 4274 672 4332; x_wconf 79' lang='lat' dir='ltr'><strong><em>Domini</em></strong></span> <span class='ocrx_word' id='word_1_631' title='bbox 682 4319 691 4345; x_wconf 97' lang='lat'><strong><em>,</em></strong></span> <span class='ocrx_word' id='word_1_632' title='bbox 708 4285 731 4332; x_wconf 89' lang='lat' dir='ltr'><strong><em>et</em></strong></span> <span class='ocrx_word' id='word_1_633' title='bbox 746 4275 898 4349; x_wconf 76' lang='lat' dir='ltr'><strong><em>propitiatio</em></strong></span> <span class='ocrx_word' id='word_1_634' title='bbox 987 4275 1191 4352; x_wconf 75' lang='lat' dir='ltr'><strong><em>uetulum]</em></strong></span> <span class='ocrx_word' id='word_1_635' title='bbox 1209 4275 1342 4334; x_wconf 88' lang='lat' dir='ltr'><strong><em>oblecteris</em></strong></span> <span class='ocrx_word' id='word_1_636' title='bbox 1363 4279 1390 4334; x_wconf 90' lang='lat' dir='ltr'><strong><em>iu</em></strong></span> <span class='ocrx_word' id='word_1_637' title='bbox 1412 4277 1493 4334; x_wconf 87' lang='lat' dir='ltr'><strong><em>turbis</em></strong></span> <span class='ocrx_word' id='word_1_638' title='bbox 1515 4285 1561 4334; x_wconf 86' lang='lat' dir='ltr'><strong><em>trec</em></strong></span> <span class='ocrx_word' id='word_1_639' title='bbox 1578 4275 1749 4332; x_wconf 76' lang='lat' dir='ltr'><strong><em>inmodicis:</em></strong></span> 
     </span>
     <span class='ocr_line' id='line_1_57' title="bbox 94 4346 1482 4408; baseline 0 -4"><span class='ocrx_word' id='word_1_640' title='bbox 94 4349 172 4404; x_wconf 85' lang='lat' dir='ltr'><strong><em>iilius</em></strong></span> <span class='ocrx_word' id='word_1_641' title='bbox 188 4349 396 4408; x_wconf 82' lang='lat' dir='ltr'><strong><em>conuertentibur</em></strong></span> <span class='ocrx_word' id='word_1_642' title='bbox 409 4346 444 4404; x_wconf 85' lang='lat' dir='ltr'><strong><em>ati</em></strong></span> <span class='ocrx_word' id='word_1_643' title='bbox 458 4349 507 4403; x_wconf 87' lang='lat' dir='ltr'><strong><em>se!</em></strong></span> <span class='ocrx_word' id='word_1_644' title='bbox 950 4351 1059 4404; x_wconf 75' lang='lat' dir='ltr'><strong><em>assisina</em></strong></span> <span class='ocrx_word' id='word_1_645' title='bbox 1073 4351 1141 4404; x_wconf 90' lang='lat' dir='ltr'><strong><em>euim</em></strong></span> <span class='ocrx_word' id='word_1_646' title='bbox 1154 4361 1190 4405; x_wconf 88' lang='lat' dir='ltr'><strong><em>est</em></strong></span> <span class='ocrx_word' id='word_1_647' title='bbox 1205 4351 1350 4407; x_wconf 82' lang='lat' dir='ltr'><strong><em>contritissia</em></strong></span> <span class='ocrx_word' id='word_1_648' title='bbox 1363 4351 1482 4406; x_wconf 86' lang='lat' dir='ltr'><strong><em>illorum.</em></strong></span> 
     </span>
     <span class='ocr_line' id='line_1_58' title="bbox 135 4418 1750 4506; baseline -0.002 -30"><span class='ocrx_word' id='word_1_649' title='bbox 135 4419 279 4479; x_wconf 76' lang='lat' dir='ltr'><strong><em>uerenini</em></strong></span> <span class='ocrx_word' id='word_1_650' title='bbox 304 4423 392 4478; x_wconf 86' lang='lat' dir='ltr'><strong><em>omitia</em></strong></span> <span class='ocrx_word' id='word_1_651' title='bbox 415 4421 523 4494; x_wconf 84' lang='lat' dir='ltr'><strong><em>possunt</em></strong></span> <span class='ocrx_word' id='word_1_652' title='bbox 545 4431 600 4474; x_wconf 88' lang='lat' dir='ltr'><strong><em>esse</em></strong></span> <span class='ocrx_word' id='word_1_653' title='bbox 612 4419 639 4473; x_wconf 91' lang='lat' dir='ltr'><strong><em>iu</em></strong></span> <span class='ocrx_word' id='word_1_654' title='bbox 654 4419 802 4480; x_wconf 81' lang='lat' dir='ltr'><strong><em>bominibus</em></strong></span> <span class='ocrx_word' id='word_1_655' title='bbox 814 4462 821 4483; x_wconf 87' lang='lat'><strong>.</strong></span> <span class='ocrx_word' id='word_1_656' title='bbox 834 4426 900 4490; x_wconf 78' lang='lat' dir='ltr'><strong><em>pua·</em></strong></span> <span class='ocrx_word' id='word_1_657' title='bbox 986 4418 1030 4476; x_wconf 86' lang='lat' dir='ltr'><strong><em>lie</em></strong></span> <span class='ocrx_word' id='word_1_658' title='bbox 1043 4421 1124 4493; x_wconf 73' lang='lat' dir='ltr'><strong><em>fueris</em></strong></span> <span class='ocrx_word' id='word_1_659' title='bbox 1148 4423 1287 4478; x_wconf 77' lang='lat' dir='ltr'><strong><em>mediocris</em></strong></span> <span class='ocrx_word' id='word_1_660' title='bbox 1310 4421 1338 4478; x_wconf 91' lang='lat' dir='ltr'><strong><em>iu</em></strong></span> <span class='ocrx_word' id='word_1_661' title='bbox 1363 4421 1526 4478; x_wconf 85' lang='lat' dir='ltr'><strong><em>contentione</em></strong></span> <span class='ocrx_word' id='word_1_662' title='bbox 1548 4435 1580 4476; x_wconf 83' lang='lat' dir='ltr'><strong><em>eo</em></strong></span> <span class='ocrx_word' id='word_1_663' title='bbox 1600 4420 1711 4506; x_wconf 62' lang='lat' dir='ltr'><strong><em>ferme,</em></strong></span> <span class='ocrx_word' id='word_1_664' title='bbox 1726 4427 1750 4474; x_wconf 93' lang='lat' dir='ltr'><strong><em>et</em></strong></span> 
     </span>
     <span class='ocr_line' id='line_1_59' title="bbox 95 4489 1719 4564; baseline 0 -17"><span class='ocrx_word' id='word_1_665' title='bbox 95 4494 171 4548; x_wconf 88' lang='lat' dir='ltr'><strong><em>nium</em></strong></span> <span class='ocrx_word' id='word_1_666' title='bbox 186 4510 241 4552; x_wconf 91' lang='lat' dir='ltr'><strong><em>non</em></strong></span> <span class='ocrx_word' id='word_1_667' title='bbox 253 4505 291 4551; x_wconf 90' lang='lat' dir='ltr'><strong><em>est</em></strong></span> <span class='ocrx_word' id='word_1_668' title='bbox 304 4491 463 4550; x_wconf 91' lang='lat' dir='ltr'><strong><em>immortalis</em></strong></span> <span class='ocrx_word' id='word_1_669' title='bbox 473 4489 544 4564; x_wconf 67' lang='lat' dir='ltr'><strong><em>plius</em></strong></span> <span class='ocrx_word' id='word_1_670' title='bbox 558 4490 687 4563; x_wconf 88' lang='lat' dir='ltr'><strong><em>bominis,</em></strong></span> <span class='ocrx_word' id='word_1_671' title='bbox 702 4500 726 4548; x_wconf 91' lang='lat' dir='ltr'><strong><em>et</em></strong></span> <span class='ocrx_word' id='word_1_672' title='bbox 744 4493 773 4547; x_wconf 93' lang='lat' dir='ltr'><strong><em>lu</em></strong></span> <span class='ocrx_word' id='word_1_673' title='bbox 785 4495 900 4548; x_wconf 86' lang='lat' dir='ltr'><strong><em>rarritatc</em></strong></span> <span class='ocrx_word' id='word_1_674' title='bbox 949 4493 1043 4548; x_wconf 88' lang='lat' dir='ltr'><strong><em>esttibi</em></strong></span> <span class='ocrx_word' id='word_1_675' title='bbox 1054 4492 1121 4548; x_wconf 90' lang='lat' dir='ltr'><strong><em>nilril</em></strong></span> <span class='ocrx_word' id='word_1_676' title='bbox 1134 4495 1161 4549; x_wconf 94' lang='lat' dir='ltr'><strong><em>in</em></strong></span> <span class='ocrx_word' id='word_1_677' title='bbox 1176 4492 1302 4550; x_wconf 87' lang='lat' dir='ltr'><strong><em>soeculo:</em></strong></span> <span class='ocrx_word' id='word_1_678' title='bbox 1316 4495 1366 4551; x_wconf 87' lang='lat' dir='ltr'><strong><em>eris</em></strong></span> <span class='ocrx_word' id='word_1_679' title='bbox 1380 4491 1450 4549; x_wconf 89' lang='lat' dir='ltr'><strong><em>enim</em></strong></span> <span class='ocrx_word' id='word_1_680' title='bbox 1469 4492 1573 4549; x_wconf 87' lang='lat' dir='ltr'><strong><em>inuitlus</em></strong></span> <span class='ocrx_word' id='word_1_681' title='bbox 1582 4499 1641 4547; x_wconf 77' lang='lat' dir='ltr'><strong><em>utta:</em></strong></span> <span class='ocrx_word' id='word_1_682' title='bbox 1655 4499 1719 4547; x_wconf 78' lang='lat' dir='ltr'><strong><em>tuos·</em></strong></span> 
     </span>
     <span class='ocr_line' id='line_1_60' title="bbox 95 4567 1356 4641; baseline 0.001 -23"><span class='ocrx_word' id='word_1_683' title='bbox 95 4567 210 4621; x_wconf 81' lang='lat' dir='ltr'><strong><em>malitiae</em></strong></span> <span class='ocrx_word' id='word_1_684' title='bbox 222 4567 389 4641; x_wconf 81' lang='lat' dir='ltr'><strong><em>placuerunt.</em></strong></span> <span class='ocrx_word' id='word_1_685' title='bbox 1352 4587 1356 4596; x_wconf 91' lang='lat'><strong>·</strong></span> 
     </span>
     <span class='ocr_line' id='line_1_61' title="bbox 134 4607 1505 4728; baseline -0.003 -36"><span class='ocrx_word' id='word_1_686' title='bbox 134 4633 641 4707; x_wconf 69' lang='lat' dir='ltr'><strong><em>onraruuunsurreptionum.</em></strong></span> <span class='ocrx_word' id='word_1_687' title='bbox 657 4633 937 4728; x_wconf 64' lang='lat' dir='ltr'><strong><em>torpuerimus„</em></strong></span> <span class='ocrx_word' id='word_1_688' title='bbox 1192 4703 1199 4718; x_wconf 41' lang='grc'>,</span> <span class='ocrx_word' id='word_1_689' title='bbox 1247 4608 1364 4668; x_wconf 61' lang='lat' dir='ltr'>CAPUT</span> <span class='ocrx_word' id='word_1_690' title='bbox 1382 4607 1454 4666; x_wconf 63' lang='lat'>¹1¹¹·</span> <span class='ocrx_word' id='word_1_691' title='bbox 1499 4704 1505 4718; x_wconf 40' lang='grc'>,</span> 
     </span>
     <span class='ocr_line' id='line_1_62' title="bbox 94 4701 1749 4784; baseline -0.004 -22"><span class='ocrx_word' id='word_1_692' title='bbox 94 4724 182 4780; x_wconf 82' lang='lat' dir='ltr'><strong><em>piram</em></strong></span> <span class='ocrx_word' id='word_1_693' title='bbox 200 4711 271 4781; x_wconf 83' lang='lat' dir='ltr'><strong><em>quoii</em></strong></span> <span class='ocrx_word' id='word_1_694' title='bbox 293 4707 451 4784; x_wconf 76' lang='lat' dir='ltr'><strong><em>excapitartt</em></strong></span> <span class='ocrx_word' id='word_1_695' title='bbox 472 4721 533 4762; x_wconf 87' lang='lat' dir='ltr'><strong><em>caro</em></strong></span> <span class='ocrx_word' id='word_1_696' title='bbox 552 4716 577 4762; x_wconf 89' lang='lat' dir='ltr'><strong><em>et</em></strong></span> <span class='ocrx_word' id='word_1_697' title='bbox 595 4708 726 4781; x_wconf 81' lang='lat' dir='ltr'><strong><em>sarrpuisl</em></strong></span> <span class='ocrx_word' id='word_1_698' title='bbox 748 4716 772 4763; x_wconf 89' lang='lat' dir='ltr'><strong><em>et</em></strong></span> <span class='ocrx_word' id='word_1_699' title='bbox 793 4705 842 4762; x_wconf 88' lang='lat' dir='ltr'><strong><em>ltao</em></strong></span> <span class='ocrx_word' id='word_1_700' title='bbox 854 4723 899 4764; x_wconf 91' lang='lat' dir='ltr'><strong><em>ar·</em></strong></span> <span class='ocrx_word' id='word_1_701' title='bbox 991 4702 1133 4777; x_wconf 81' lang='lat' dir='ltr'><strong><em>Operosius</em></strong></span> <span class='ocrx_word' id='word_1_702' title='bbox 1146 4703 1262 4759; x_wconf 83' lang='lat' dir='ltr'><strong><em>ebriosus</em></strong></span> <span class='ocrx_word' id='word_1_703' title='bbox 1278 4717 1330 4758; x_wconf 89' lang='lat' dir='ltr'><strong><em>non</em></strong></span> <span class='ocrx_word' id='word_1_704' title='bbox 1349 4702 1604 4778; x_wconf 83' lang='lat' dir='ltr'><strong><em>locupletabitur:et</em></strong></span> <span class='ocrx_word' id='word_1_705' title='bbox 1620 4701 1665 4774; x_wconf 83' lang='lat' dir='ltr'><strong><em>pnl</em></strong></span> <span class='ocrx_word' id='word_1_706' title='bbox 1677 4715 1749 4773; x_wconf 89' lang='lat' dir='ltr'><strong><em>sper·</em></strong></span> 
     </span>
     <span class='ocr_line' id='line_1_63' title="bbox 93 4773 1395 4852; baseline -0.004 -17"><span class='ocrx_word' id='word_1_707' title='bbox 93 4791 207 4852; x_wconf 79' lang='lat' dir='ltr'><strong><em>puetssr.</em></strong></span> <span class='ocrx_word' id='word_1_708' title='bbox 786 4797 791 4804; x_wconf 89' lang='lat'><strong>·</strong></span> <span class='ocrx_word' id='word_1_709' title='bbox 955 4776 992 4831; x_wconf 91' lang='lat' dir='ltr'><strong><em>nit</em></strong></span> <span class='ocrx_word' id='word_1_710' title='bbox 1003 4775 1122 4839; x_wconf 83' lang='lat' dir='ltr'><strong><em>modica,</em></strong></span> <span class='ocrx_word' id='word_1_711' title='bbox 1138 4775 1265 4845; x_wconf 91' lang='lat' dir='ltr'><strong><em>paulatim</em></strong></span> <span class='ocrx_word' id='word_1_712' title='bbox 1281 4773 1395 4831; x_wconf 78' lang='lat' dir='ltr'><strong><em>deridet.</em></strong></span> 
     </span>
     <span class='ocr_line' id='line_1_64' title="bbox 135 4843 1749 4924; baseline -0.006 -16"><span class='ocrx_word' id='word_1_713' title='bbox 135 4852 271 4908; x_wconf 79' lang='lat' dir='ltr'><strong><em>Virtutem</em></strong></span> <span class='ocrx_word' id='word_1_714' title='bbox 293 4847 444 4908; x_wconf 85' lang='lat' dir='ltr'><strong><em>altitartiuls</em></strong></span> <span class='ocrx_word' id='word_1_715' title='bbox 467 4851 524 4907; x_wconf 82' lang='lat' dir='ltr'><strong><em>coti</em></strong></span> <span class='ocrx_word' id='word_1_716' title='bbox 541 4849 599 4923; x_wconf 88' lang='lat' dir='ltr'><strong><em>ipse</em></strong></span> <span class='ocrx_word' id='word_1_717' title='bbox 615 4849 765 4924; x_wconf 83' lang='lat' dir='ltr'><strong><em>conspicit:</em></strong></span> <span class='ocrx_word' id='word_1_718' title='bbox 779 4858 903 4908; x_wconf 88' lang='lat' dir='ltr'><strong><em>etottmes</em></strong></span> <span class='ocrx_word' id='word_1_719' title='bbox 993 4845 1099 4902; x_wconf 81' lang='lat' dir='ltr'><strong><em>Vinum</em></strong></span> <span class='ocrx_word' id='word_1_720' title='bbox 1115 4856 1140 4901; x_wconf 87' lang='lat' dir='ltr'><strong><em>et</em></strong></span> <span class='ocrx_word' id='word_1_721' title='bbox 1155 4845 1276 4904; x_wconf 86' lang='lat' dir='ltr'><strong><em>mulieres</em></strong></span> <span class='ocrx_word' id='word_1_722' title='bbox 1289 4852 1441 4924; x_wconf 88' lang='lat' dir='ltr'><strong><em>apostatare</em></strong></span> <span class='ocrx_word' id='word_1_723' title='bbox 1455 4846 1556 4920; x_wconf 76' lang='lat' dir='ltr'><strong><em>sariunt</em></strong></span> <span class='ocrx_word' id='word_1_724' title='bbox 1570 4843 1718 4916; x_wconf 59' lang='lat' dir='ltr'><strong><em>canentes,</em></strong></span> <span class='ocrx_word' id='word_1_725' title='bbox 1735 4855 1749 4899; x_wconf 84' lang='lat' dir='ltr'><strong><em>a</em></strong></span> 
     </span>
     <span class='ocr_line' id='line_1_65' title="bbox 94 4924 1473 5006; baseline -0.005 -26"><span class='ocrx_word' id='word_1_726' title='bbox 94 4924 221 4980; x_wconf 78' lang='lat' dir='ltr'><strong><em>borsines</em></strong></span> <span class='ocrx_word' id='word_1_727' title='bbox 236 4936 305 4982; x_wconf 87' lang='lat' dir='ltr'><strong><em>terra</em></strong></span> <span class='ocrx_word' id='word_1_728' title='bbox 317 4933 342 4981; x_wconf 96' lang='lat' dir='ltr'><strong><em>et</em></strong></span> <span class='ocrx_word' id='word_1_729' title='bbox 356 4924 432 4979; x_wconf 87' lang='lat' dir='ltr'><strong><em>cinis.</em></strong></span> <span class='ocrx_word' id='word_1_730' title='bbox 955 4926 1207 4991; x_wconf 83' lang='lat' dir='ltr'><strong><em>arpumtsensatos.</em></strong></span> <span class='ocrx_word' id='word_1_731' title='bbox 1306 4989 1313 5004; x_wconf 26' lang='grc' dir='ltr'>ἱ</span> <span class='ocrx_word' id='word_1_732' title='bbox 1465 4989 1473 5006; x_wconf 35' lang='lat'>⁸</span> 
     </span>
     <span class='ocr_line' id='line_1_66' title="bbox 387 4985 1755 5128; baseline -0.004 -9"><span class='ocrx_word' id='word_1_733' title='bbox 387 5005 502 5074; x_wconf 70' lang='lat' dir='ltr'><strong><em>nm</em></strong></span> <span class='ocrx_word' id='word_1_734' title='bbox 520 5011 616 5074; x_wconf 69' lang='lat' dir='ltr'><strong><em>xu-</em></strong></span> <span class='ocrx_word' id='word_1_735' title='bbox 957 4985 1755 5128; x_wconf 41' lang='lat' dir='ltr'><strong><em>stittutuutttttttu:,nutriuntur</em></strong></span> 
     </span>
     <span class='ocr_line' id='line_1_67' title="bbox 132 5133 1650 5208; baseline -0.003 -19"><span class='ocrx_word' id='word_1_736' title='bbox 132 5134 304 5205; x_wconf 79' lang='lat' dir='ltr'><strong><em>Quiriuitin</em></strong></span> <span class='ocrx_word' id='word_1_737' title='bbox 323 5141 469 5200; x_wconf 75' lang='lat' dir='ltr'><strong><em>aeteruum,</em></strong></span> <span class='ocrx_word' id='word_1_738' title='bbox 486 5133 584 5189; x_wconf 84' lang='lat' dir='ltr'><strong><em>crearit</em></strong></span> <span class='ocrx_word' id='word_1_739' title='bbox 604 5135 692 5189; x_wconf 87' lang='lat' dir='ltr'><strong><em>amnia</em></strong></span> <span class='ocrx_word' id='word_1_740' title='bbox 714 5133 804 5189; x_wconf 76' lang='lat' dir='ltr'><strong><em>simtu.</em></strong></span> <span class='ocrx_word' id='word_1_741' title='bbox 833 5133 905 5192; x_wconf 83' lang='lat' dir='ltr'><strong><em>Dens</em></strong></span> <span class='ocrx_word' id='word_1_742' title='bbox 958 5134 1034 5208; x_wconf 84' lang='lat' dir='ltr'><strong><em>plum</em></strong></span> <span class='ocrx_word' id='word_1_743' title='bbox 1046 5133 1147 5200; x_wconf 78' lang='lat' dir='ltr'><strong><em>maists,</em></strong></span> <span class='ocrx_word' id='word_1_744' title='bbox 1162 5133 1302 5190; x_wconf 80' lang='lat' dir='ltr'><strong><em>attolletur</em></strong></span> <span class='ocrx_word' id='word_1_745' title='bbox 1316 5136 1348 5188; x_wconf 87' lang='lat' dir='ltr'><strong><em>tle</em></strong></span> <span class='ocrx_word' id='word_1_746' title='bbox 1359 5146 1468 5189; x_wconf 85' lang='lat' dir='ltr'><strong><em>numero</em></strong></span> <span class='ocrx_word' id='word_1_747' title='bbox 1481 5133 1569 5188; x_wconf 89' lang='lat' dir='ltr'><strong><em>animo</em></strong></span> <span class='ocrx_word' id='word_1_748' title='bbox 1583 5134 1650 5204; x_wconf 77' lang='lat' dir='ltr'><strong><em>ejus.</em></strong></span> 
     </span>
     <span class='ocr_line' id='line_1_68' title="bbox 96 5201 1755 5290; baseline -0.004 -25"><span class='ocrx_word' id='word_1_749' title='bbox 96 5211 177 5265; x_wconf 85' lang='lat' dir='ltr'><strong><em>sotus</em></strong></span> <span class='ocrx_word' id='word_1_750' title='bbox 184 5205 389 5290; x_wconf 71' lang='lat' dir='ltr'><strong><em>justificabitur,</em></strong></span> <span class='ocrx_word' id='word_1_751' title='bbox 406 5215 430 5260; x_wconf 89' lang='lat' dir='ltr'><strong><em>et</em></strong></span> <span class='ocrx_word' id='word_1_752' title='bbox 444 5212 531 5260; x_wconf 90' lang='lat' dir='ltr'><strong><em>manet</em></strong></span> <span class='ocrx_word' id='word_1_753' title='bbox 543 5205 654 5261; x_wconf 82' lang='lat' dir='ltr'><strong><em>inuictus</em></strong></span> <span class='ocrx_word' id='word_1_754' title='bbox 669 5207 754 5262; x_wconf 78' lang='lat' dir='ltr'><strong><em>resin</em></strong></span> <span class='ocrx_word' id='word_1_755' title='bbox 768 5213 905 5265; x_wconf 79' lang='lat' dir='ltr'><strong><em>aternum.</em></strong></span> <span class='ocrx_word' id='word_1_756' title='bbox 998 5205 1050 5274; x_wconf 86' lang='lat' dir='ltr'><strong><em>Qui</em></strong></span> <span class='ocrx_word' id='word_1_757' title='bbox 1065 5206 1147 5261; x_wconf 82' lang='lat' dir='ltr'><strong><em>credit</em></strong></span> <span class='ocrx_word' id='word_1_758' title='bbox 1158 5207 1228 5274; x_wconf 88' lang='lat' dir='ltr'><strong><em>rito,</em></strong></span> <span class='ocrx_word' id='word_1_759' title='bbox 1245 5205 1305 5260; x_wconf 90' lang='lat' dir='ltr'><strong><em>leuis</em></strong></span> <span class='ocrx_word' id='word_1_760' title='bbox 1316 5206 1392 5260; x_wconf 89' lang='lat' dir='ltr'><strong><em>cortle</em></strong></span> <span class='ocrx_word' id='word_1_761' title='bbox 1405 5214 1461 5269; x_wconf 90' lang='lat' dir='ltr'><strong><em>est,</em></strong></span> <span class='ocrx_word' id='word_1_762' title='bbox 1481 5212 1505 5259; x_wconf 83' lang='lat' dir='ltr'><strong><em>el</em></strong></span> <span class='ocrx_word' id='word_1_763' title='bbox 1519 5201 1710 5257; x_wconf 81' lang='lat' dir='ltr'><strong><em>minorabitur:</em></strong></span> <span class='ocrx_word' id='word_1_764' title='bbox 1730 5211 1755 5258; x_wconf 92' lang='lat' dir='ltr'><strong><em>et</em></strong></span> 
     </span>
     <span class='ocr_line' id='line_1_69' title="bbox 133 5274 1687 5351; baseline -0.003 -17"><span class='ocrx_word' id='word_1_765' title='bbox 133 5279 211 5348; x_wconf 83' lang='lat' dir='ltr'><strong><em>Quis</em></strong></span> <span class='ocrx_word' id='word_1_766' title='bbox 221 5278 312 5349; x_wconf 68' lang='lat' dir='ltr'><strong><em>subicit</em></strong></span> <span class='ocrx_word' id='word_1_767' title='bbox 325 5293 450 5333; x_wconf 86' lang='lat' dir='ltr'><strong><em>enarmre</em></strong></span> <span class='ocrx_word' id='word_1_768' title='bbox 464 5291 544 5351; x_wconf 80' lang='grc' dir='ltr'>αρααα</span> <span class='ocrx_word' id='word_1_769' title='bbox 554 5275 652 5332; x_wconf 85' lang='lat' dir='ltr'><strong><em>iliiusl</em></strong></span> <span class='ocrx_word' id='word_1_770' title='bbox 959 5277 1004 5349; x_wconf 82' lang='lat' dir='ltr'><strong><em>pul</em></strong></span> <span class='ocrx_word' id='word_1_771' title='bbox 1019 5277 1144 5340; x_wconf 85' lang='lat' dir='ltr'><strong><em>rtelinanit</em></strong></span> <span class='ocrx_word' id='word_1_772' title='bbox 1154 5279 1182 5331; x_wconf 93' lang='lat' dir='ltr'><strong><em>in</em></strong></span> <span class='ocrx_word' id='word_1_773' title='bbox 1194 5277 1309 5331; x_wconf 82' lang='lat' dir='ltr'><strong><em>citimam</em></strong></span> <span class='ocrx_word' id='word_1_774' title='bbox 1323 5288 1407 5343; x_wconf 88' lang='lat' dir='ltr'><strong><em>suum,</em></strong></span> <span class='ocrx_word' id='word_1_775' title='bbox 1419 5275 1527 5342; x_wconf 86' lang='lat' dir='ltr'><strong><em>insuper</em></strong></span> <span class='ocrx_word' id='word_1_776' title='bbox 1542 5274 1687 5329; x_wconf 85' lang='lat' dir='ltr'><strong><em>iubebitur.</em></strong></span> 
     </span>
     <span class='ocr_line' id='line_1_70' title="bbox 134 5345 1754 5422; baseline -0.003 -17"><span class='ocrx_word' id='word_1_777' title='bbox 134 5351 213 5418; x_wconf 76' lang='lat' dir='ltr'><strong><em>Quis</em></strong></span> <span class='ocrx_word' id='word_1_778' title='bbox 224 5355 293 5405; x_wconf 89' lang='lat' dir='ltr'><strong><em>euim</em></strong></span> <span class='ocrx_word' id='word_1_779' title='bbox 306 5346 472 5418; x_wconf 77' lang='lat' dir='ltr'><strong><em>inrestipabit</em></strong></span> <span class='ocrx_word' id='word_1_780' title='bbox 485 5348 620 5421; x_wconf 85' lang='lat' dir='ltr'><strong><em>mapuaiia</em></strong></span> <span class='ocrx_word' id='word_1_781' title='bbox 634 5347 715 5422; x_wconf 74' lang='lat' dir='ltr'><strong><em>ejusl</em></strong></span> <span class='ocrx_word' id='word_1_782' title='bbox 997 5347 1049 5416; x_wconf 78' lang='lat' dir='ltr'><strong><em>Qut</em></strong></span> <span class='ocrx_word' id='word_1_783' title='bbox 1073 5347 1170 5422; x_wconf 83' lang='lat' dir='ltr'><strong><em>pandet</em></strong></span> <span class='ocrx_word' id='word_1_784' title='bbox 1193 5347 1348 5419; x_wconf 82' lang='lat' dir='ltr'><strong><em>iniquitate,</em></strong></span> <span class='ocrx_word' id='word_1_785' title='bbox 1382 5347 1568 5402; x_wconf 82' lang='lat' dir='ltr'><strong><em>denotabitur:</em></strong></span> <span class='ocrx_word' id='word_1_786' title='bbox 1586 5355 1609 5401; x_wconf 89' lang='lat' dir='ltr'><strong><em>et</em></strong></span> <span class='ocrx_word' id='word_1_787' title='bbox 1634 5353 1678 5418; x_wconf 86' lang='lat' dir='ltr'><strong><em>put</em></strong></span> <span class='ocrx_word' id='word_1_788' title='bbox 1699 5345 1754 5401; x_wconf 78' lang='lat' dir='ltr'><strong><em>obit</em></strong></span> 
     </span>
     <span class='ocr_line' id='line_1_71' title="bbox 136 5416 1752 5493; baseline -0.002 -16"><span class='ocrx_word' id='word_1_789' title='bbox 136 5423 276 5477; x_wconf 82' lang='lat' dir='ltr'><strong><em>Virtutem</em></strong></span> <span class='ocrx_word' id='word_1_790' title='bbox 293 5431 382 5477; x_wconf 89' lang='lat' dir='ltr'><strong><em>autern</em></strong></span> <span class='ocrx_word' id='word_1_791' title='bbox 393 5420 580 5492; x_wconf 86' lang='lat' dir='ltr'><strong><em>mapuimolinis</em></strong></span> <span class='ocrx_word' id='word_1_792' title='bbox 595 5422 651 5493; x_wconf 73' lang='lat' dir='ltr'><strong><em>ejus</em></strong></span> <span class='ocrx_word' id='word_1_793' title='bbox 668 5421 727 5491; x_wconf 82' lang='lat' dir='ltr'><strong><em>puis</em></strong></span> <span class='ocrx_word' id='word_1_794' title='bbox 741 5422 908 5480; x_wconf 84' lang='lat' dir='ltr'><strong><em>enuntiabit?</em></strong></span> <span class='ocrx_word' id='word_1_795' title='bbox 959 5422 1159 5492; x_wconf 88' lang='lat' dir='ltr'><strong><em>correptionem,</em></strong></span> <span class='ocrx_word' id='word_1_796' title='bbox 1171 5421 1303 5474; x_wconf 88' lang='lat' dir='ltr'><strong><em>minuetur</em></strong></span> <span class='ocrx_word' id='word_1_797' title='bbox 1313 5416 1387 5475; x_wconf 86' lang='lat' dir='ltr'><strong><em>rita:</em></strong></span> <span class='ocrx_word' id='word_1_798' title='bbox 1402 5417 1752 5491; x_wconf 76' lang='lat' dir='ltr'><strong><em>ctpuioiitioquaritatem,</em></strong></span> 
     </span>
     <span class='ocr_line' id='line_1_72' title="bbox 94 5490 1698 5576; baseline -0.004 -27"><span class='ocrx_word' id='word_1_799' title='bbox 94 5503 145 5549; x_wconf 89' lang='lat' dir='ltr'><strong><em>aut</em></strong></span> <span class='ocrx_word' id='word_1_800' title='bbox 156 5494 225 5562; x_wconf 82' lang='lat' dir='ltr'><strong><em>quis</em></strong></span> <span class='ocrx_word' id='word_1_801' title='bbox 236 5493 343 5568; x_wconf 71' lang='lat' dir='ltr'><strong><em>arlp&#39;ieiet</em></strong></span> <span class='ocrx_word' id='word_1_802' title='bbox 358 5506 483 5547; x_wconf 86' lang='lat' dir='ltr'><strong><em>errorrare</em></strong></span> <span class='ocrx_word' id='word_1_803' title='bbox 495 5491 701 5548; x_wconf 77' lang='lat' dir='ltr'><strong><em>misericordiam</em></strong></span> <span class='ocrx_word' id='word_1_804' title='bbox 715 5496 798 5568; x_wconf 75' lang='lat' dir='ltr'><strong><em>ejus!</em></strong></span> <span class='ocrx_word' id='word_1_805' title='bbox 959 5491 1101 5562; x_wconf 84' lang='lat' dir='ltr'><strong><em>esstiupnit</em></strong></span> <span class='ocrx_word' id='word_1_806' title='bbox 1116 5490 1251 5545; x_wconf 90' lang='lat' dir='ltr'><strong><em>malitiam.</em></strong></span> <span class='ocrx_word' id='word_1_807' title='bbox 1692 5561 1698 5576; x_wconf 41' lang='lat'><strong>·</strong></span> 
     </span>
     <span class='ocr_line' id='line_1_73' title="bbox 133 5561 1755 5646; baseline -0.002 -24"><span class='ocrx_word' id='word_1_808' title='bbox 133 5565 212 5624; x_wconf 78' lang='lat' dir='ltr'><strong><em>Non</em></strong></span> <span class='ocrx_word' id='word_1_809' title='bbox 231 5577 267 5620; x_wconf 90' lang='lat' dir='ltr'><strong><em>est</em></strong></span> <span class='ocrx_word' id='word_1_810' title='bbox 281 5565 418 5632; x_wconf 88' lang='lat' dir='ltr'><strong><em>minuere,</em></strong></span> <span class='ocrx_word' id='word_1_811' title='bbox 434 5578 515 5635; x_wconf 78' lang='lat' dir='ltr'><strong><em>neque</em></strong></span> <span class='ocrx_word' id='word_1_812' title='bbox 526 5563 660 5639; x_wconf 72' lang='lat' dir='ltr'><strong><em>abjicere,</em></strong></span> <span class='ocrx_word' id='word_1_813' title='bbox 682 5577 731 5620; x_wconf 89' lang='lat' dir='ltr'><strong><em>nec</em></strong></span> <span class='ocrx_word' id='word_1_814' title='bbox 742 5573 779 5621; x_wconf 88' lang='lat' dir='ltr'><strong><em>cst</em></strong></span> <span class='ocrx_word' id='word_1_815' title='bbox 792 5565 908 5622; x_wconf 88' lang='lat' dir='ltr'><strong><em>inuenire</em></strong></span> <span class='ocrx_word' id='word_1_816' title='bbox 998 5563 1051 5630; x_wconf 86' lang='lat' dir='ltr'><strong><em>Qui</em></strong></span> <span class='ocrx_word' id='word_1_817' title='bbox 1064 5571 1150 5646; x_wconf 65' lang='lat' dir='ltr'><strong><em>propat</em></strong></span> <span class='ocrx_word' id='word_1_818' title='bbox 1162 5561 1190 5616; x_wconf 87' lang='lat' dir='ltr'><strong><em>iu</em></strong></span> <span class='ocrx_word' id='word_1_819' title='bbox 1200 5561 1319 5646; x_wconf 38' lang='lat' dir='ltr'><strong><em>&#39;animum</em></strong></span> <span class='ocrx_word' id='word_1_820' title='bbox 1344 5575 1436 5645; x_wconf 83' lang='lat' dir='ltr'><strong><em>suam,</em></strong></span> <span class='ocrx_word' id='word_1_821' title='bbox 1452 5562 1604 5635; x_wconf 79' lang='lat' dir='ltr'><strong><em>pauitebit:</em></strong></span> <span class='ocrx_word' id='word_1_822' title='bbox 1618 5569 1642 5617; x_wconf 88' lang='lat' dir='ltr'><strong><em>et</em></strong></span> <span class='ocrx_word' id='word_1_823' title='bbox 1653 5577 1699 5635; x_wconf 82' lang='lat' dir='ltr'><strong><em>put</em></strong></span> <span class='ocrx_word' id='word_1_824' title='bbox 1706 5565 1755 5635; x_wconf 78' lang='lat' dir='ltr'><strong><em>ju·</em></strong></span> 
     </span>
     <span class='ocr_line' id='line_1_74' title="bbox 92 5633 1754 5787; baseline -0.003 -23"><span class='ocrx_word' id='word_1_825' title='bbox 92 5635 457 5766; x_wconf 50' lang='lat' dir='ltr'><strong><em>mciiiiiimrolires&#39;untmurerit</em></strong></span> <span class='ocrx_word' id='word_1_826' title='bbox 480 5705 575 5777; x_wconf 84' lang='lat' dir='ltr'><strong><em>bomo,</em></strong></span> <span class='ocrx_word' id='word_1_827' title='bbox 592 5715 655 5763; x_wconf 88' lang='lat' dir='ltr'><strong><em>tunc</em></strong></span> <span class='ocrx_word' id='word_1_828' title='bbox 675 5707 801 5782; x_wconf 87' lang='lat' dir='ltr'><strong><em>incipiet:</em></strong></span> <span class='ocrx_word' id='word_1_829' title='bbox 813 5715 837 5765; x_wconf 92' lang='lat' dir='ltr'><strong><em>el</em></strong></span> <span class='ocrx_word' id='word_1_830' title='bbox 848 5726 907 5766; x_wconf 89' lang='lat' dir='ltr'><strong><em>cum</em></strong></span> <span class='ocrx_word' id='word_1_831' title='bbox 959 5634 1131 5787; x_wconf 56' lang='lat' dir='ltr'><strong><em>cmiiigiiirii</em></strong></span> <span class='ocrx_word' id='word_1_832' title='bbox 1142 5639 1256 5760; x_wconf 60' lang='lat' dir='ltr'><strong><em>iiiiiii&#39;</em></strong></span> <span class='ocrx_word' id='word_1_833' title='bbox 1268 5633 1550 5778; x_wconf 42' lang='grc' dir='ltr'><strong><em>έξὲεαταδιῗυατααααααα,</em></strong></span> <span class='ocrx_word' id='word_1_834' title='bbox 1565 5717 1588 5762; x_wconf 86' lang='lat' dir='ltr'><strong><em>ei</em></strong></span> <span class='ocrx_word' id='word_1_835' title='bbox 1602 5722 1654 5762; x_wconf 88' lang='lat' dir='ltr'><strong><em>nou</em></strong></span> <span class='ocrx_word' id='word_1_836' title='bbox 1668 5707 1754 5760; x_wconf 91' lang='lat' dir='ltr'><strong><em>miuo-</em></strong></span> 
     </span>
     <span class='ocr_line' id='line_1_75' title="bbox 95 5777 1758 5858; baseline -0.008 -20"><span class='ocrx_word' id='word_1_837' title='bbox 95 5779 248 5856; x_wconf 73' lang='lat' dir='ltr'><strong><em>perimeret,</em></strong></span> <span class='ocrx_word' id='word_1_838' title='bbox 262 5782 437 5846; x_wconf 88' lang='lat' dir='ltr'><strong><em>aporiabitur.</em></strong></span> <span class='ocrx_word' id='word_1_839' title='bbox 959 5777 1069 5831; x_wconf 89' lang='lat' dir='ltr'><strong><em>rubens.</em></strong></span> <span class='ocrx_word' id='word_1_840' title='bbox 1157 5847 1191 5858; x_wconf 92' lang='lat'><strong><em>..</em></strong></span> <span class='ocrx_word' id='word_1_841' title='bbox 1752 5844 1758 5857; x_wconf 32' lang='grc' dir='ltr'>ι</span> 
     </span>
     <span class='ocr_line' id='line_1_76' title="bbox 137 5847 1759 5926; baseline -0.001 -20"><span class='ocrx_word' id='word_1_842' title='bbox 137 5850 375 5921; x_wconf 66' lang='lat' dir='ltr'><strong><em>ostimentum,</em></strong></span> <span class='ocrx_word' id='word_1_843' title='bbox 391 5859 413 5905; x_wconf 92' lang='lat' dir='ltr'><strong><em>et</em></strong></span> <span class='ocrx_word' id='word_1_844' title='bbox 427 5860 535 5921; x_wconf 76' lang='lat' dir='ltr'><strong><em>quaeest</em></strong></span> <span class='ocrx_word' id='word_1_845' title='bbox 551 5854 636 5924; x_wconf 79' lang='lat' dir='ltr'><strong><em>pratia</em></strong></span> <span class='ocrx_word' id='word_1_846' title='bbox 647 5853 743 5910; x_wconf 75' lang='lat' dir='ltr'><strong><em>illiue!</em></strong></span> <span class='ocrx_word' id='word_1_847' title='bbox 760 5859 784 5910; x_wconf 92' lang='lat' dir='ltr'><strong><em>et</em></strong></span> <span class='ocrx_word' id='word_1_848' title='bbox 795 5851 859 5926; x_wconf 78' lang='lat' dir='ltr'><strong><em>puta</em></strong></span> <span class='ocrx_word' id='word_1_849' title='bbox 871 5863 908 5912; x_wconf 92' lang='lat' dir='ltr'><strong><em>est</em></strong></span> <span class='ocrx_word' id='word_1_850' title='bbox 997 5847 1088 5903; x_wconf 79' lang='lat' dir='ltr'><strong><em>Amico</em></strong></span> <span class='ocrx_word' id='word_1_851' title='bbox 1111 5856 1134 5902; x_wconf 90' lang='lat' dir='ltr'><strong><em>et</em></strong></span> <span class='ocrx_word' id='word_1_852' title='bbox 1154 5849 1262 5904; x_wconf 84' lang='lat' dir='ltr'><strong><em>mimico</em></strong></span> <span class='ocrx_word' id='word_1_853' title='bbox 1279 5848 1335 5907; x_wconf 89' lang='lat' dir='ltr'><strong><em>noli</em></strong></span> <span class='ocrx_word' id='word_1_854' title='bbox 1351 5867 1460 5910; x_wconf 82' lang='lat' dir='ltr'><strong><em>narrare</em></strong></span> <span class='ocrx_word' id='word_1_855' title='bbox 1473 5867 1577 5911; x_wconf 88' lang='lat' dir='ltr'><strong><em>sensum</em></strong></span> <span class='ocrx_word' id='word_1_856' title='bbox 1593 5858 1686 5906; x_wconf 90' lang='lat' dir='ltr'><strong><em>tuum:</em></strong></span> <span class='ocrx_word' id='word_1_857' title='bbox 1699 5855 1724 5903; x_wconf 86' lang='lat' dir='ltr'><strong><em>cl</em></strong></span> <span class='ocrx_word' id='word_1_858' title='bbox 1737 5860 1759 5900; x_wconf 84' lang='lat' dir='ltr'><strong><em>rt</em></strong></span> 
     </span>
     <span class='ocr_line' id='line_1_77' title="bbox 97 5918 1470 6004; baseline 0.001 -24"><span class='ocrx_word' id='word_1_859' title='bbox 97 5923 591 5997; x_wconf 80' lang='lat' dir='ltr'><strong><em>ionum,autqaitlueauamilliasl</em></strong></span> <span class='ocrx_word' id='word_1_860' title='bbox 768 5995 777 6003; x_wconf 20' lang='grc' dir='ltr'>δ</span> <span class='ocrx_word' id='word_1_861' title='bbox 849 6000 853 6004; x_wconf 25' lang='lat'>¹</span> <span class='ocrx_word' id='word_1_862' title='bbox 963 5927 999 5977; x_wconf 83' lang='lat' dir='ltr'><strong><em>est</em></strong></span> <span class='ocrx_word' id='word_1_863' title='bbox 1015 5920 1060 5976; x_wconf 82' lang='lat' dir='ltr'><strong><em>tibi</em></strong></span> <span class='ocrx_word' id='word_1_864' title='bbox 1075 5918 1208 5991; x_wconf 83' lang='lat' dir='ltr'><strong><em>rlelirtum,</em></strong></span> <span class='ocrx_word' id='word_1_865' title='bbox 1219 5922 1274 5978; x_wconf 89' lang='lat' dir='ltr'><strong><em>noli</em></strong></span> <span class='ocrx_word' id='word_1_866' title='bbox 1288 5922 1470 5998; x_wconf 69' lang='lat' dir='ltr'><strong><em>amuclero,</em></strong></span> 
     </span>
    </p>
   </div>
   <div class='ocr_carea' id='block_1_8' title="bbox 0 0 2014 6325">
    <p class='ocr_par' dir='ltr' id='par_1_29' title="bbox 0 0 2014 6325">
     <span class='ocr_line' id='line_1_78' title="bbox 0 0 2014 6325; baseline 0 0"><span class='ocrx_word' id='word_1_867' title='bbox 0 0 2014 6325; x_wconf 95' lang='lat' dir='ltr'><strong><em> </em></strong></span> 
     </span>
    </p>
   </div>
   <div class='ocr_carea' id='block_1_9' title="bbox 198 4129 1863 4209">
    <p class='ocr_par' dir='ltr' id='par_1_30' title="bbox 198 4129 1863 4209">
     <span class='ocr_line' id='line_1_79' title="bbox 198 4129 1863 4209; baseline -0.002 -19"><span class='ocrx_word' id='word_1_868' title='bbox 198 4133 222 4190; x_wconf 89' lang='lat' dir='ltr'><strong><em>is</em></strong></span> <span class='ocrx_word' id='word_1_869' title='bbox 242 4129 341 4202; x_wconf 80' lang='lat' dir='ltr'><strong><em>Deltm,</em></strong></span> <span class='ocrx_word' id='word_1_870' title='bbox 362 4142 388 4188; x_wconf 87' lang='lat' dir='ltr'><strong><em>et</em></strong></span> <span class='ocrx_word' id='word_1_871' title='bbox 410 4132 565 4204; x_wconf 84' lang='lat' dir='ltr'><strong><em>ploriaberis</em></strong></span> <span class='ocrx_word' id='word_1_872' title='bbox 591 4131 620 4184; x_wconf 89' lang='lat' dir='ltr'><strong><em>tn</em></strong></span> <span class='ocrx_word' id='word_1_873' title='bbox 641 4133 851 4188; x_wconf 87' lang='lat' dir='ltr'><strong><em>miserationibus</em></strong></span> <span class='ocrx_word' id='word_1_874' title='bbox 866 4135 900 4189; x_wconf 89' lang='lat' dir='ltr'><strong><em>il-</em></strong></span> <span class='ocrx_word' id='word_1_875' title='bbox 987 4130 1019 4190; x_wconf 90' lang='lat' dir='ltr'><strong><em>Si</em></strong></span> <span class='ocrx_word' id='word_1_876' title='bbox 1029 4142 1137 4205; x_wconf 78' lang='lat' dir='ltr'><strong><em>praestes</em></strong></span> <span class='ocrx_word' id='word_1_877' title='bbox 1150 4135 1245 4190; x_wconf 80' lang='lat' dir='ltr'><strong><em>aninum</em></strong></span> <span class='ocrx_word' id='word_1_878' title='bbox 1259 4143 1311 4191; x_wconf 84' lang='lat' dir='ltr'><strong><em>tum</em></strong></span> <span class='ocrx_word' id='word_1_879' title='bbox 1325 4134 1545 4209; x_wconf 89' lang='lat' dir='ltr'><strong><em>concupiscentias</em></strong></span> <span class='ocrx_word' id='word_1_880' title='bbox 1566 4135 1646 4208; x_wconf 72' lang='lat' dir='ltr'><strong><em>ejus,</em></strong></span> <span class='ocrx_word' id='word_1_881' title='bbox 1671 4133 1749 4205; x_wconf 69' lang='lat' dir='ltr'><strong><em>saciet</em></strong></span> <span class='ocrx_word' id='word_1_882' title='bbox 1859 4139 1863 4147; x_wconf 82' lang='grc'><em>·</em></span> 
     </span>
    </p>
   </div>
  </div>
 </body>
</html>
