4017 6334
230 288 284 349 455
738 282 767 344 S.
788 283 982 344 iiiERONibii
1001 281 1117 345 ututut
1138 283 1380 346 uttttotttucn.
1820 296 1867 358 bib

267 405 362 462 Nonne
372 401 432 462 attis
444 402 574 477 retinques
586 403 687 462 dotores
701 410 726 459 et
739 401 843 459 iabores
855 413 911 459 tuos
922 404 951 460 in
962 403 1026 460 dioi-
1040 405 1069 466 Α

230 481 303 536 sione
314 476 411 533 sartis?

269 551 322 620 tia,
335 561 359 606 et
369 550 470 621 accipe,
480 557 505 606 rt
511 547 629 619 iusttqica
638 547 754 602 animant
765 554 846 601 tuaest.

1324 443 1332 460 .
1378 397 1495 462 cteur
1514 401 1585 462 xut.
1629 461 1632 470 ,

1120 540 1163 598 Ne
1172 541 1328 615 jucunderis
1349 540 1460 624 in'fitiis
1479 541 1581 612 impiis,
1606 541 1629 598 si
1652 541 1872 672 muttipticmturr

269 621 335 677 Ante
348 618 445 677 obitum
462 630 535 675 tuum
554 635 662 705 pperare
670 619 804 692 justitiane
817 635 826 673 :
841 618 965 691 quoniam
978 635 1030 676 nau
1083 629 1130 670 nec
1145 613 1278 670 obtecturis
1289 631 1367 740 super
1382 629 1463 739 ipsos,
1478 613 1501 668 si
1517 625 1615 670 nonest
1626 615 1704 671 timor
1744 619 1767 672 ei
1777 619 1803 674 in
1813 619 1870 678 itiis.

232 704 269 752 est
284 692 355 766 opud
368 691 466 762 inseras
480 696 595 747 inuenere
608 692 703 747 cibum.

1122 683 1148 740 N
1150 702 1183 741 ou
1195 685 1287 741 eredas
1299 703 1313 740 o
1327 697 1358 742 tce
1372 685 1391 742 it
1404 701 1490 752 orum,
1507 694 1532 740 et
1553 702 1585 742 ue
1606 689 1752 760 respexeris
1769 689 1795 745 in
1807 691 1871 748 tata·

269 765 360 821 Omnis
379 779 441 819 cero
462 763 528 818 sicut
545 764 633 826 tenum
651 769 799 832 veterascet,
815 771 840 816 et
858 763 925 817 sicut
937 760 1031 834 sotium
1083 773 1126 813 res
1137 773 1251 812 eorum:

232 837 395 908 fructificans
407 837 436 889 in
449 836 542 891 arbore
562 833 650 891 uiridi.

269 907 330 962 Atia
347 916 520 980 pennantur,
539 915 563 960 et
578 905 633 960 atta
651 905 832 977 dejiciuntur:
848 904 886 960 sie
899 905 1031 978 qeneratio
1084 915 1161 970 quam
1175 898 1222 954 mit

234 979 318 1035 curnis
329 990 354 1034 et
368 978 516 1050 sunquiuis,
529 974 585 1032 aiio
596 976 699 1048 finitur,
713 988 738 1030 et
751 975 806 1030 otia
821 977 947 1030 nascitur.

1119 825 1412 954 ³¹⁶1507JA¹·„M,255¹²J]
1433 832 1472 884 est
1496 825 1564 884 euiut
1588 845 1656 886 renus
1681 831 1770 888 timeus
1785 829 1869 904 iteum,

1118 971 1153 1026 tu
1166 899 1436 1028 utiteees'iliitiiipiine
1455 969 1529 1042 fitiie,
1544 987 1623 1044 quam
1644 971 1791 1045 relinquere
1804 977 1867 1048 fitius

271 1049 353 1106 Omne
366 1065 432 1122 opus
441 1047 610 1119 corruptibile
621 1050 649 1104 iu
662 1049 716 1119 qino
725 1042 826 1118 debriet
840 1063 850 1102 .·
865 1059 888 1103 et
899 1045 945 1118 qui
961 1039 1032 1103 tttot
1082 1044 1188 1114 impios.

234 1121 368 1196 operatur,
383 1121 429 1176 ibit
439 1137 500 1176 cunt
510 1121 567 1176 itta.

270 1192 307 1248 Et
327 1209 402 1249 omne
413 1209 480 1262 opus
490 1189 796 1264 eiectump'ustipicabitur
806 1210 817 1249 .·
829 1202 855 1249 et
868 1183 914 1265 qui
934 1204 1031 1262 opera·

235 1261 369 1332 turiitud,
386 1260 662 1319 bortorabirurinrtto.

270 1335 365 1392 Beatus
380 1337 431 1407 rir,
443 1337 487 1404 qui
499 1337 527 1394 iu
538 1330 667 1406 rapientia
683 1331 836 1404 morabitur,
852 1326 932 1403 etqui
945 1328 973 1386 iu
983 1329 1030 1404 p'u·

233 1404 304 1463 stitio
316 1422 365 1462 sua
385 1404 569 1474 meditabitur,
589 1415 614 1460 et
632 1405 749 1462 insensu
771 1404 894 1480 copitabit
916 1401 1031 1459 circum·

233 1474 389 1550 spectionem
402 1473 461 1532 teet.

272 1549 324 1618 Qui
336 1549 465 1620 raroqitat
481 1549 537 1604 sias
551 1547 624 1604 ittius
636 1548 665 1601 in
679 1547 758 1604 carde
768 1565 828 1618 sua,
842 1555 867 1604 et
877 1547 906 1602 iu
920 1545 1032 1603 abscou-

234 1619 298 1676 ditis
311 1617 366 1675 suis
385 1619 549 1691 intcttiqens,
560 1619 658 1674 radens
673 1629 730 1691 post
745 1614 821 1676 iiiam
835 1619 912 1692 quari
926 1619 1019 1674 investi

234 1702 322 1765 quior,
337 1701 362 1747 et
375 1691 403 1746 in
414 1692 461 1747 siis
475 1692 550 1747 itiius
564 1691 727 1748 consistens:

1118 1115 1156 1170 Ab
1169 1130 1221 1170 uua
1240 1123 1343 1172 sensato
1357 1113 1547 1170 iubebitobitur
1564 1116 1664 1188 patrio,
1686 1117 1766 1178 tribus
1786 1119 1871 1190 impio-

1084 1202 1144 1241 rum
1157 1187 1298 1242 deseretur.

1119 1256 1206 1314 biutto
1219 1259 1285 1314 tatia
1304 1257 1370 1314 uidit
1393 1259 1484 1316 ocutus
1508 1266 1636 1316 nieustet
1654 1253 1769 1332 fortiora
1788 1257 1873 1320 borunt

1084 1329 1187 1384 audiuit
1199 1331 1270 1386 auris
1284 1346 1350 1386 orreo.

1118 1398 1154 1455 in
1168 1417 1301 1474 squaqoqa
1314 1399 1476 1475 peccantium
1488 1399 1624 1458 exardebit
1634 1401 1715 1474 iquis,
1730 1412 1754 1460 et
1764 1403 1791 1461 in
1804 1414 1871 1477 qeute

1083 1471 1231 1528 incredibiti
1244 1477 1393 1530 exardescet
1405 1472 1456 1529 ira.

1122 1541 1183 1600 Non
1197 1555 1367 1602 exoraueruut
1382 1562 1429 1616 pro
1443 1545 1555 1617 peccatis
1576 1540 1631 1602 suis
1645 1542 1747 1619 antiqui
1754 1545 1874 1621 piquntes,

1084 1615 1128 1686 qui
1143 1614 1267 1672 destructi
1276 1629 1335 1672 suut
1348 1616 1508 1685 cottfideutes
1522 1633 1576 1672 suae
1590 1615 1691 1672 uirtuti.

1121 1681 1155 1742 ut
1171 1705 1223 1744 nou
1242 1683 1356 1762 pepercit
1376 1688 1580 1762 pereqriuatioui
1592 1685 1670 1760 torn,
1692 1699 1716 1746 et
1731 1701 1873 1750 exterretur

271 1762 324 1830 Qui
346 1762 452 1834 respicit
468 1779 514 1834 per
528 1762 655 1834 fenestras
669 1760 752 1835 itiius,
767 1771 792 1820 et
808 1761 836 1818 in
846 1759 935 1834 januis
957 1756 1033 1816 iitius
1086 1765 1123 1812 est
1137 1774 1181 1813 eos
1195 1775 1250 1832 prae
1262 1759 1385 1831 superbia
1399 1758 1468 1814 uerbi
1484 1756 1601 1814 ittorum.

234 1836 345 1892 audieus
356 1849 367 1888 .·

1125 1827 1188 1884 Nou
1211 1833 1332 1888 misertus
1351 1840 1390 1888 est
1414 1831 1478 1896 ittir,
1493 1841 1595 1914 perstem
1613 1839 1695 1888 totam
1716 1826 1833 1904 perdent,
1854 1845 1874 1890 rt

272 1903 325 1973 Qui
335 1902 471 1975 requiescit
477 1909 557 1980 jueta
568 1905 674 1959 domum
685 1901 798 1972 ittius,et
808 1905 836 1961 iu
849 1899 992 1971 parictibus
1002 1901 1037 1958 it·
1088 1900 1255 1957 eetottentcm
1269 1921 1296 1958 se
1311 1903 1339 1960 in
1354 1903 1465 1972 peccetis
1479 1919 1544 1960 suts.

234 1979 286 2034 tius
301 1979 384 2052 fiqens
397 1977 500 2048 patum,
512 1985 609 2032 statuet
623 1978 740 2032 casatam
754 1993 830 2032 suom
843 1977 879 2032 ud
894 1990 988 2030 uranus
1001 1973 1037 2028 it·
1124 1967 1159 2026 lit
1178 1973 1246 2028 sicut
1267 1985 1389 2030 sescenta
1413 1973 1497 2030 mittio
1515 1974 1643 2046 peditent,

236 2050 298 2114 tius,
312 2057 337 2102 et
348 2049 506 2120 requiescent
519 2048 547 2109 iu
558 2045 649 2104 casoto
661 2045 733 2103 ittius
747 2048 814 2104 bono
828 2065 875 2122 per
887 2062 981 2102 uuum.

1684 1969 1711 2029 ui
1732 1979 1875 2050 eonqrequti

1087 2050 1146 2098 sunt
1159 2043 1187 2100 iu
1203 2045 1299 2106 duritia
1320 2047 1406 2102 cardis
1423 2045 1465 2101 sui
1480 2061 1490 2104 .·
1504 2055 1527 2100 ct
1540 2047 1563 2102 si
1577 2061 1645 2102 uuus
1660 1991 1753 2119 ficisset
1774 2052 1875 2104 curicu-

272 2120 376 2176 Stotuet
395 2119 465 2202 ptiar
486 2136 547 2177 suos
562 2119 610 2176 sub
625 2119 735 2194 trqmine
748 2114 835 2190 tutu,
857 2127 881 2177 et
894 2117 941 2175 sttb
956 2111 1037 2172 ramis
1088 2115 1250 2241 tushutirum
1265 2118 1386 2188 sifuisset
1398 2117 1530 2172 immunis.

235 2195 292 2268 ejus
305 2191 458 2245 morabitur.

267 2265 426 2335 ‘Proteqetur
439 2261 487 2318 sub
508 2263 621 2338 teqmiue
641 2263 714 2320 ittius
730 2261 859 2336 ateruore
876 2268 923 2318 :et
935 2257 964 2316 in
976 2257 1036 2332 qia·

236 2335 279 2391 rio
292 2335 349 2408 ejus
361 2332 511 2405 requiescet.

541 2423 655 2482 cetur
675 2425 732 2484 XV.

1156 2187 1307 2243 isericordia
1320 2191 1388 2246 enim
1401 2199 1425 2244 et
1442 2191 1484 2244 ira
1504 2196 1543 2244 est
1555 2203 1614 2244 eum
1628 2184 1687 2247 itio.
1702 2181 1803 2246 Potens
1821 2207 1876 2248 cuo·

1087 2259 1167 2326 ratio,
1178 2270 1202 2314 et
1217 2258 1354 2326 effundens
1368 2263 1446 2316 iram.

1126 2329 1274 2386 Secundum
1290 2328 1494 2389 miscricordiam
1508 2346 1594 2394 suum,
1608 2332 1646 2387 sic
1659 2329 1790 2406 correptio
1811 2333 1876 2390 ittius

1088 2399 1219 2456 bominem
1233 2403 1378 2460 secuudum
1389 2419 1470 2476 opera
1480 2419 1528 2458 sua
1538 2403 1650 2472 judicat.

1126 2467 1189 2527 Non
1201 2469 1306 2547 cffrtqiet
1327 2477 1354 2531 in
1373 2473 1467 2547 rapina
1482 2485 1614 2541 peccator,
1631 2485 1655 2532 et
1673 2492 1726 2532 uon
1742 2473 1874 2534 retardabit

274 2540 328 2613 Qui
342 2544 415 2601 timet
429 2542 514 2603 Deum
539 2542 617 2620 facim
630 2539 698 2599 baua
713 2547 761 2596 :et
774 2537 820 2613 qut
840 2537 978 2595 susstinens
998 2541 1037 2592 est
1087 2541 1240 2615 sufferentia
1252 2547 1457 2603 nutoertcprar'mu
1471 2544 1599 2616 sedentis.

231 2614 357 2687 justitiae,
372 2589 546 2688 apprehendet
557 2618 643 2673 ittam.

1126 2613 1217 2671 Omnis
1241 2618 1422 2676 ntiserieordiu
1438 2617 1516 2690 saciet
1535 2614 1619 2672 tecum
1634 2615 1773 2686 unicuique
1793 2636 1877 2675 secuu-

274 2684 309 2742 m
329 2687 441 2744 obviabit
462 2689 505 2747 itti
518 2689 592 2760 quasi
612 2693 695 2742 scruter
715 2681 899 2754 honorificate,
914 2691 940 2737 et
962 2677 1039 2754 quasi
1087 2686 1151 2742 ctum
1172 2688 1292 2743 merirum
1313 2707 1420 2774 operum
1442 2704 1559 2753 suorum,
1583 2700 1607 2746 et
1627 2689 1876 2749 secunduusintette·

240 2753 334 2812 ntutier
347 2775 364 2812 o
376 2761 526 2834 uirqiuitute
540 2759 663 2832 suscipiet
677 2756 765 2812 tttau.

1088 2767 1157 2813 ctum
1171 2761 1385 2832 pereqriuatronis
1400 2763 1494 2832 ipsius.

275 2828 376 2886 ditatu
390 2831 467 2888 iteum
484 2848 552 2908 pane
571 2835 630 2886 vita
649 2837 673 2884 et
687 2826 851 2893 iutritrctut,
867 2833 891 2880 rt
911 2839 985 2908 oque·
994 2839 1037 2878 to·
1124 2829 1152 2884 N
1154 2847 1187 2886 au
1202 2831 1274 2886 dicos
1286 2849 1296 2888 .·
1308 2834 1331 2887 Α
1345 2833 1398 2890 tteo
1412 2829 1558 2890 abscondar
1568 2840 1594 2888 et
1607 2847 1639 2888 ea
1651 2849 1757 2890 summo
1768 2835 1823 2906 quis
1833 2835 1877 2890 mei

240 2897 344 2969 pientiae
364 2903 488 2960 satuturis
503 2903 602 2976 potabit
618 2899 694 2957 ittum
706 2916 716 2954 .·
727 2906 751 2954 et
765 2895 916 2970 firutabitur
930 2913 958 2950 ru
975 2895 1035 2964 etto,
1088 2899 1292 2959 uteruorabiturt

237 2981 262 3027 et
272 2987 325 3028 uon
335 2976 453 3045 qtectetur
464 2991 475 3033 .·

274 3038 311 3097 iit
324 3044 465 3101 caruiuebit
478 3044 566 3113 ittum,
581 3054 605 3100 et
617 3059 668 3100 nou
682 3039 859 3113 confundetur
872 3055 882 3096 :
896 3046 920 3094 et
933 3038 1036 3094 euntiu-

241 3113 277 3170 bit
293 3113 371 3170 ittunt
384 3119 470 3187 apud·
509 3119 608 3174 oximos
618 3129 700 3172 suos:

1124 2965 1159 3030 iu
1174 2975 1271 3048 poputo
1295 2992 1391 3049 maquo
1419 2993 1471 3032 non
1498 2991 1628 3048 oqnosear
1649 2989 1659 3032 :
1677 2993 1738 3047 quat
1760 2987 1796 3033 est
1818 2979 1878 3032 euim

1087 3043 1176 3098 anirua
1190 3061 1247 3100 ntea
1262 3047 1288 3102 iu
1298 3057 1352 3103 tum
1367 3049 1492 3104 immensu
1506 3047 1646 3102 creatura?

1128 3114 1196 3172 Ecce
1208 3117 1311 3190 cutum,
1323 3128 1349 3175 et
1360 3122 1418 3178 steti
1432 3119 1566 3190 meorum,
1586 3119 1702 3192 obqssue,
1729 3131 1755 3176 et
1769 3121 1879 3176 uniuersa

277 3182 312 3241 Et
324 3187 353 3242 iu
367 3189 451 3244 rrredio
481 3189 591 3244 ,cctesiee
604 3185 703 3258 aperiet
718 3199 747 3240 os
760 3185 829 3256 ejus,
850 3187 875 3236 et
885 3179 1038 3263 adimpiebit
1052 3199 1075 3262 ρ
1091 3195 1171 3254 terra,
1188 3197 1213 3243 et
1227 3205 1286 3262 quce
1300 3191 1327 3246 in
1342 3191 1378 3248 eir
1393 3201 1464 3263 suut,
1487 3192 1516 3246 iu
1536 3203 1674 3259 conspectu
1687 3189 1761 3248 ititus
1771 3209 1877 3250 comnia·

239 3257 318 3312 ittum
332 3261 427 3327 spiritu
446 3260 580 3336 snpimtire
597 3271 622 3314 et
636 3256 796 3323 tuteitectur,
815 3261 839 3310 et
857 3254 925 3309 stote
944 3253 1036 3324 qtortte
1091 3261 1225 3314 teburrtur.

239 3328 327 3382 oestiet
339 3327 427 3386 ittum.

1127 3329 1229 3387 bIautes
1243 3330 1333 3400 sistunt,
1348 3335 1469 3402 menites,
1489 3343 1514 3390 et
1524 3333 1695 3407 sutudameuta
1712 3343 1791 3394 terres
1806 3351 1878 3392 :cum

275 3397 488 3478 iucurtditotem,
504 3413 529 3462 et
542 3400 743 3458 eusuttationem
757 3392 944 3454 tbcsaurtsabit
960 3407 1038 3467 super
1087 3403 1253 3476 conspexerit
1264 3403 1312 3461 itta
1326 3405 1407 3472 Deus,
1422 3415 1533 3462 trcurtarc
1545 3407 1737 3463 coercutientur.

241 3469 327 3541 ittum,
340 3479 364 3527 ct
374 3477 477 3532 umutue
486 3485 583 3534 aterno
595 3469 760 3528 baereditabit
773 3467 860 3523 ittum.

1127 3473 1162 3528 Et
1176 3476 1203 3529 in
1218 3478 1336 3533 asturibus
1349 3478 1390 3534 bis
1410 3480 1570 3535 iuseusotum
1591 3490 1628 3535 cst
1642 3495 1688 3534 cor·
1710 3489 1736 3534 et
1756 3496 1829 3536 aenne
1841 3495 1881 3534 ror

276 3542 491 3604 Hominesstutti
507 3563 560 3603 uon
574 3543 767 3614 apprehendent
783 3536 869 3622 itiam,
885 3547 908 3594 et
923 3534 1038 3622 boteriues
1088 3544 1246 3622 iutettiqitur
1262 3548 1293 3603 nb
1307 3547 1364 3604 itta.

240 3615 339 3669 sensati
361 3615 499 3675 obviabunt
520 3618 571 3681 itti,
597 3611 715 3670 borsines
741 3613 816 3668 stuttr
842 3626 894 3666 nan
916 3610 1038 3666 ardebunt
1124 3616 1159 3672 tu
1173 3619 1227 3674 uias
1237 3617 1310 3676 iiiios
1320 3622 1378 3687 quis
1390 3619 1522 3694 ituettiqit,
1539 3631 1563 3678 et
1577 3619 1736 3694 prosettam,
1748 3639 1827 3696 quam
1839 3638 1880 3678 nec

241 3701 300 3742 eam
315 3686 415 3763 :tonqe
428 3692 496 3747 euim
510 3692 581 3747 abest
602 3684 753 3758 asuperbia
767 3691 790 3738 et
803 3683 875 3738 doto.

1090 3689 1181 3743 ocutus
1196 3688 1291 3745 uidebit
1306 3692 1439 3748 teorniuist

282 3753 341 3812 Viti
358 3761 494 3818 mendaces
513 3778 566 3817 nott
589 3768 665 3814 eruttt
687 3755 760 3812 ittius
783 3759 969 3809 utemurettct
989 3751 1040 3806 bt't't⁸
1131 3758 1203 3815 Num
1227 3763 1341 3832 piurima
1366 3761 1414 3819 itia
1438 3781 1517 3834 opera
1541 3774 1602 3822 gum
1628 3763 1655 3819 q'n
1678 3763 1882 3823 absconsimbtt

244 3843 346 3884 ueraces
367 3830 532 3891 invenientur
557 3831 584 3885 iu
609 3829 667 3896 itta,
692 3837 718 3883 et
740 3839 889 3884 successum
910 3819 1042 3879 iubebunt
1090 3833 1290 3902 aperap‘ustirito
1304 3836 1360 3904 eius
1379 3837 1438 3907 quis
1460 3833 1624 3892 enuntiabit?
1638 3847 1682 3892 eut
1696 3837 1756 3907 quie
1777 3837 1882 3892 sustiue-

244 3915 325 3970 usque
337 3897 372 3954 ad
382 3901 566 3976 inspectionem
582 3897 642 3954 Dei.
825 3967 831 3980 ·

280 3971 343 4027 Non
357 3985 395 4029 est
405 3980 521 4049 specioso
535 3977 592 4032 taus
604 3975 631 4026 iu
642 3987 687 4026 ore
701 3974 855 4044 peccatores.

281 4041 409 4108 Quoniam
430 4063 447 4101 a
469 4047 525 4103 Deo
545 4045 662 4118 prosecta
682 4052 719 4098 est
732 4042 865 4110 sapientia
882 4035 1041 4109 :supientiae

1091 3901 1146 3957 bit?
1157 3901 1245 3986 Lonqe
1255 3907 1327 3989 enirn
1341 3915 1382 3990 est
1392 3916 1609 3990 testaneentuuto
1619 3909 1788 3982 quibusdam,
1806 3918 1829 3966 et
1842 3909 1881 3963 iu-

1091 3985 1231 4047 terroqutro
1246 3993 1360 4031 omututn
1374 3990 1634 4036 inconsummatum
1648 3989 1695 4034 est.

1129 4045 1179 4113 Qui
1195 4047 1342 4104 minoratus
1356 4051 1444 4120 corde,
1459 4052 1554 4123 coqitat
1574 4052 1685 4108 inania:
1698 4065 1725 4108 et
1736 4048 1776 4109 uir
1787 4053 1881 4125 impru-

244 4116 312 4170 euim
321 4117 369 4170 teet
387 4121 483 4174 astabit
495 4121 571 4180 tous,
592 4126 615 4170 et
635 4111 663 4169 in
676 4129 721 4170 ore
740 4111 814 4182 fideti
829 4108 994 4178 abundauit,
1016 4111 1041 4164 et
1092 4115 1166 4182 deus,
1178 4126 1204 4173 et
1214 4135 1306 4176 erruns
1321 4120 1416 4193 coqitat
1431 4121 1522 4179 stutra.

243 4187 390 4242 dominator
407 4189 478 4244 tiabit
492 4207 548 4244 eum
560 4183 612 4241 itti.

1128 4189 1198 4242 Audi
1209 4206 1259 4257 nte,
1274 4191 1325 4262 fiii,
1339 4203 1363 4247 et
1379 4195 1450 4250 disee
1463 4193 1628 4267 discipiiuunt
1640 4211 1743 4266 seusus,
1756 4209 1780 4255 rt
1793 4195 1819 4252 iu
1830 4175 1883 4249 tur-¹

280 4256 344 4316 Non
358 4259 478 4316 dixeris:
494 4261 547 4316 t’er
562 4255 646 4314 [teum
658 4253 730 4310 abest
742 4270 752 4311 .·
762 4270 821 4328 quat
831 4255 900 4310 enim
919 4250 988 4322 odit,
1010 4267 1042 4309 ne
1093 4258 1131 4313 bis
1142 4260 1204 4315 rucis
1217 4262 1321 4319 attcude
1334 4264 1362 4318 iu
1376 4267 1455 4322 corde
1470 4277 1524 4321 tuo.

244 4327 345 4405 feceris.

1130 4330 1163 4384 iit
1174 4333 1259 4389 dicam
1270 4336 1297 4388 in
1308 4337 1430 4407 aequitate
1439 4337 1618 4409 disciptinum,
1632 4347 1655 4392 rt
1666 4339 1802 4396 scrutabor
1815 4354 1881 4396 errar-

280 4400 344 4457 ttou
356 4403 454 4460 dicas:
472 4401 524 4460 tttc
545 4418 586 4458 mc
603 4397 783 4473 implorauit:
798 4413 850 4454 uon
872 4395 940 4452 enim
954 4410 1043 4454 neces·
1093 4418 1151 4457 rare
1172 4405 1326 4474 sapientiam
1338 4423 1347 4462 .·
1358 4416 1381 4464 et
1403 4411 1430 4464 iu
1449 4409 1532 4466 uerbis
1556 4411 1618 4467 eneis
1639 4410 1744 4467 utteude
1765 4415 1792 4466 tu
1810 4409 1882 4466 carde

242 4475 307 4532 surii
320 4484 380 4529 sunt
391 4477 416 4528 ci
426 4477 540 4531 immines
554 4473 638 4546 impii.

1093 4482 1148 4541 tuo,
1163 4485 1187 4530 et
1204 4475 1303 4534 dicuin
1322 4480 1441 4551 equitate
1455 4483 1562 4551 spiritus
1584 4482 1702 4550 uirtutes,
1716 4499 1782 4553 quas
1800 4483 1880 4550 posuit

283 4545 365 4602 (treme
377 4555 595 4604 exsecramentum
611 4543 708 4600 erroris
722 4539 777 4598 odit
790 4535 931 4611 Dominus,
945 4550 969 4598 et
983 4559 1035 4598 uon
1094 4541 1165 4600 Deus
1183 4547 1210 4602 in
1235 4565 1313 4620 opera
1334 4567 1382 4606 sue
1396 4553 1428 4608 ab
1448 4551 1536 4622 initio,-
1561 4563 1584 4610 et
1600 4555 1627 4609 in
1651 4557 1760 4610 ueritate
1783 4553 1881 4610 enuntio

240 4619 291 4676 erit
305 4613 417 4674 amobiie
429 4616 574 4674 timeutibus
587 4633 654 4672 eum.

278 4691 348 4746 Deus
360 4694 395 4748 ab
405 4690 482 4746 teritio
497 4689 628 4745 comtituit
646 4685 792 4753 bominem,
804 4690 830 4742 et
843 4683 949 4758 retiquit
959 4687 1036 4746 ittum

240 4761 268 4819 tu
282 4779 362 4818 urauu
376 4761 478 4818 consilii
489 4762 541 4816 sui.

277 4835 381 4909 Adjecit
394 4835 520 4890 mandato
529 4843 554 4889 et
567 4842 696 4907 precepto
708 4847 769 4888 sua.

1087 4617 1221 4674 scientium
1234 4623 1301 4693 cius,

1126 4686 1271 4760 tuiudicio
1286 4691 1337 4751 Dei
1359 4711 1438 4766 opera
1460 4695 1518 4766 eq'us
1541 4694 1573 4751 ab
1592 4696 1678 4756 initio.
1694 4703 1718 4752 et
1738 4695 1770 4752 ab
1784 4695 1883 4752 institu-

1089 4759 1160 4844 tione
1172 4762 1289 4835 ipsorum
1309 4767 1429 4823 distinxit
1442 4777 1528 4838 portes
1541 4767 1662 4841 ittorum,
1675 4777 1698 4824 et
1708 4770 1784 4824 initio
1798 4783 1882 4824 eorum

1090 4847 1116 4887 ru
1129 4836 1246 4902 qeutibur
1257 4838 1322 4893 suis.

279 4905 310 4965 Si
320 4907 436 4966 retrusis
449 4904 577 4968 mandata
588 4922 701 4974 seruare,
715 4906 904 4969 conseruabuut
921 4917 958 4982 te,
973 4917 996 4964 et
1008 4911 1036 4968 e'u
1127 4904 1235 4964 ornarit
1249 4910 1277 4966 ist
1295 4919 1418 4966 oeternum
1435 4927 1515 4984 opera
1535 4910 1653 4980 ittarum,
1668 4927 1713 4970 nec
1727 4911 1881 4979 esurierunt,

242 4998 288 5054 per
308 4990 395 5035 eruum
405 4977 483 5062 fidem
493 4976 618 5052 pinsitum
628 4979 726 5051 [acere.

301 5053 407 5125 pposuit
422 5049 470 5106 tibs
486 5066 582 5123 aquam
601 5063 625 5112 et
649 5051 737 5131 iprum
750 5068 761 5109 .·
773 5050 809 5108 od
823 5054 892 5126 quod
905 5054 1036 5130 ¹uotueris,

241 5127 345 5198 porriqe
356 5140 462 5181 manum
473 5134 556 5181 mam.

279 5197 348 5251 Arete
358 5196 486 5252 bominem
498 5196 550 5253 uiro
564 5208 589 5255 et
601 5217 681 5273 mors,
691 5202 787 5258 bonum
796 5206 821 5255 et
835 5197 935 5257 matum
948 5202 1040 5273 :quod

240 5270 368 5345 piacuerit
380 5271 414 5339 ei,
426 5269 530 5326 dabitm
546 5268 597 5329 itti.

1090 4993 1137 5032 nec
1151 4976 1344 5050 totunderunt,
1360 4992 1385 5038 et
1403 4999 1455 5038 non
1468 4985 1623 5040 destiterunt
1636 4985 1668 5039 ab
1679 4983 1801 5057 operibus
1820 4983 1882 5040 suis.

1092 5119 1099 5133 ·
1128 5047 1311 5126 Unusquisque
1330 5054 1480 5126 proximum
1498 5055 1616 5112 sibinen
1633 5056 1883 5132 ansquetiabitusque

1088 5137 1116 5175 tu
1130 5131 1264 5178 armorum.
1807 5153 1809 5159 ’

1126 5192 1189 5250 Non
1202 5196 1238 5251 sis
1251 5196 1411 5254 incredibitis
1423 5197 1500 5254 uerbo
1509 5197 1593 5255 ittius.
1712 5261 1716 5266 ,

1125 5263 1189 5322 Post
1199 5268 1256 5324 brec
1267 5265 1338 5327 Deus
1351 5269 1378 5325 in
1391 5277 1488 5326 terrum
1503 5273 1626 5344 respexit,
1642 5279 1667 5328 et
1681 5270 1799 5346 impteuit
1813 5270 1883 5326 ittam

279 5341 409 5408 merdam
421 5342 503 5396 muba
514 5349 644 5416 sapieeetia
659 5346 717 5418 uei,
737 5355 762 5406 et
775 5346 852 5418 tortis
866 5349 894 5404 iu
908 5348 1035 5422 potentia,
1088 5336 1161 5394 bouis
1174 5341 1239 5396 ruis.

241 5424 329 5482 uidens
342 5437 431 5478 omnes
445 5423 500 5480 siue
511 5426 713 5482 intermissione.

1124 5411 1219 5466 Anima
1231 5413 1313 5470 aursus
1326 5412 1413 5472 utatis
1428 5415 1587 5472 denuntiauit
1601 5423 1662 5473 aste
1680 5416 1777 5490 taciem
1788 5413 1882 5488 ipsius,

278 5497 357 5553 (testi
376 5495 486 5553 Domini
507 5499 542 5553 ad
564 5499 680 5554 timentes
701 5513 761 5555 eum
775 5493 892 5568 :etipse
912 5493 1032 5566 aquescit
1087 5490 1112 5539 ti
1126 5482 1154 5538 iu
1167 5483 1253 5555 ‘imm
1269 5487 1363 5544 itmtm
1376 5487 1488 5544 'tietdo
1503 5487 1620 5546 iliorum·

241 5588 341 5628 omnem
354 5586 461 5641 operam
479 5571 600 5625 bominis.

277 5642 382 5699 utemini
396 5641 530 5698 mutarit
545 5642 622 5715 impie
633 5659 720 5717 spere,
734 5639 871 5700 ctnemirsi
885 5639 957 5695 dedit
971 5656 1033 5711 spa·

239 5718 304 5772 tium
316 5713 452 5786 peccandi.

273 5788 335 5843 tion
349 5789 418 5842 euim
431 5785 589 5858 concupiscit
603 5785 798 5844 muttitudinem
808 5785 927 5856 fitiorum
939 5784 1034 5856 iutide·

236 5859 312 5929 tium,
327 5868 351 5917 et
369 5856 511 5914 inutitium.

1372 5646 1486 5706 ctettr
1506 5647 1588 5706 xttt.

1121 5783 1191 5842 Deus
1202 5785 1296 5840 creauit
1308 5785 1340 5841 de
1352 5793 1421 5842 terre
1433 5787 1572 5858 bominem,
1585 5795 1609 5846 et
1623 5786 1765 5844 secuudum
1785 5783 1875 5857 imaqi·

1085 5874 1143 5916 uem
1155 5871 1231 5913 suant
1243 5857 1302 5928 iecit
1316 5855 1402 5914 ittum.
