4017 6334
261 353 315 418 ass
576 322 578 325 ’
767 346 802 410 s.
819 341 1015 408 utmounu
1034 339 1153 404 utut
1169 335 1411 400 usuoruroa.
1849 339 1898 400 no

260 480 338 536 nem,
353 472 383 520 et
390 462 495 536 quatias
509 475 595 534 aquus
617 458 717 532 tregit,
732 467 761 520 et
774 457 843 520 dixit
857 472 866 518 a
879 455 1016 526 tunae,
1034 463 1062 514 ot
1075 454 1103 522 A
1115 451 1180 514 nui:
1196 451 1286 524 lintra
1300 457 1346 508 tar
1362 464 1417 512 ron
1437 447 1547 524 lodium
1561 463 1571 506 z
1585 455 1634 508 aut
1658 447 1755 508 iturum
1767 458 1847 520 tanat
1857 465 1897 520 n».-

262 558 429 618 manducato
448 574 455 612 ι
472 556 525 611 boe
537 563 580 611 est
591 567 693 625 eorpus
711 565 815 619 meum,
830 549 902 621 quod
917 563 967 620 nro
986 546 1065 609 nobis
1118 545 1197 604 dibus
1211 561 1217 598 :
1233 543 1292 604 tlon
1309 543 1376 608 etla's
1395 540 1465 604 milti
1479 539 1642 600 mensurii.
1657 538 1712 600 Sed
1731 539 1815 596 urulto
1826 543 1901 612 maqls

265 650 390 709 tradetur
411 665 419 703 ι
434 646 488 704 boe
510 645 594 702 laeite
617 645 644 703 in
659 657 750 703 meam
763 639 1064 705 commemorationem.
1116 652 1178 710 uun
1190 636 1316 698 videntur
1330 635 1453 696 atenbm
1468 633 1594 710 cornaria
1609 633 1759 696 inllemiora
1777 647 1845 702 nasu,
1855 650 1900 694 na·

264 743 403 804 Similiter
424 749 453 800 et
478 739 604 810 calicem,
628 750 774 814 postquam
793 736 923 805 uoeuaait,
946 734 1065 796 dicens:
1115 731 1270 794 oesanriora
1291 738 1371 792 sunta
1388 736 1417 786 et
1430 742 1492 800 quae
1506 735 1634 800 unumne
1647 725 1807 798 ignobiliora
1823 741 1902 786 neor-

267 837 320 894 llie
333 836 407 897 calix
422 848 522 893 novum
533 842 728 896 testamentum
741 840 784 894 est
796 833 824 893 in
839 845 902 892 meo
913 829 1065 904 sanquine:
1118 823 1166 884 brt
1180 837 1241 886 asse
1253 821 1389 894 cornuria,
1409 819 1452 880 bia
1470 819 1605 880 bonorem
1623 817 1845 880 abundantiorem
1857 820 1903 876 eir·

264 930 320 989 hoe
342 929 424 988 iaeito
438 928 666 1002 quotiescumque
680 925 783 986 bibetis
798 925 825 980 ln
846 939 933 984 meam
945 936 1068 984 aemmo-
1117 915 1300 974 enodamus:
1322 923 1351 971 et
1366 927 1428 986 quaa
1448 913 1595 972 introeunt
1617 921 1682 974 tunt
1705 919 1816 978 nostra,
1828 911 1904 970 aluu-

264 1023 458 1080 moratlouem.
473 1017 790 1096 Quotiescumquoenim
804 1014 1004 1079 manducabitis
1016 1027 1066 1086 na·
1116 1009 1272 1071 dantiorem
1290 1009 1464 1068 honestatem
1482 1007 1595 1068 tubera.
1611 1007 1731 1068 bonum
1748 1017 1837 1072 auteur
1849 1022 1905 1066 uot-

265 1131 331 1173 nom
346 1116 430 1190 laune,
451 1122 481 1171 et
502 1112 616 1176 calicem
637 1112 748 1176 bibetis,
763 1117 880 1171 mortem
899 1108 1007 1170 llomirn
1020 1123 1064 1166 aa·
1119 1111 1160 1164 tra
1185 1102 1287 1164 nullius
1308 1111 1409 1174 egem:
1427 1102 1475 1162 sed
1490 1102 1561 1163 bena
1581 1101 1744 1176 temperavit
1761 1103 1904 1174 autquasi,

264 1209 440 1280 nuntiabitis,
456 1207 544 1266 donee
557 1206 658 1263 ueniat.
672 1206 765 1278 ltaque
773 1206 940 1278 quicumque
953 1200 1069 1264 nandu-
1120 1198 1165 1256 tui
1179 1196 1285 1266 deerat,
1301 1195 1527 1255 abundantiorem
1546 1196 1692 1258 tribuendo
1712 1195 1858 1254 bonnam:
1880 1205 1906 1254 ut

263 1303 371 1368 canerit
380 1316 478 1375 penem
493 1301 578 1368 bunc,
594 1301 638 1356 rel
654 1299 754 1361 biberit
776 1298 891 1356 calicem
904 1295 1015 1356 Domini
1030 1295 1071 1355 in·
1122 1308 1177 1355 uon
1194 1293 1229 1350 sit
1240 1293 1358 1354 aolnisma
1371 1292 1397 1350 ln
1411 1306 1540 1362 corpure,
1551 1290 1599 1348 sed
1612 1291 1728 1362 illusam
1742 1305 1792 1362 nro
1804 1289 1906 1350 batum

161 1421 164 1426 ·
266 1399 361 1472 digne,
378 1412 442 1454 reus
454 1393 508 1461 erit
523 1395 648 1466 cornone
668 1403 697 1456 et
711 1394 851 1465 sanguinis
864 1391 985 1454 Domini,
1000 1389 1069 1451 Prn-
1120 1386 1239 1446 sollicita
1250 1385 1306 1446 sint
1319 1387 1453 1444 membra.
1466 1383 1501 1445 tit
1512 1384 1534 1444 si
1547 1382 1614 1458 quid
1627 1384 1728 1455 quatitur
1739 1397 1821 1444 unum
1831 1399 1907 1442 mun·

264 1494 313 1552 bot
330 1501 421 1552 aulem
436 1490 558 1566 seipsum
585 1489 668 1549 bomo
682 1506 689 1543 :
703 1497 732 1547 et
753 1485 838 1550 slede
853 1501 922 1557 nans
935 1483 983 1543 illo
993 1483 1070 1550 edat,
1121 1480 1214 1546 baum,
1229 1479 1432 1548 oumnatiuntur
1450 1477 1542 1538 omnia
1557 1476 1701 1537 membran
1717 1477 1779 1536 alre
1791 1475 1908 1548 qlorialnr

266 1593 295 1643 et
309 1584 344 1642 de
357 1583 444 1642 mallee
459 1583 545 1641 bibat.
562 1582 614 1658 Qui
636 1581 712 1641 etaim
735 1579 882 1644 manducat
897 1588 926 1634 et
939 1577 1008 1634 bibit
1031 1577 1071 1634 iu·
1123 1591 1206 1632 uuum
1230 1574 1404 1646 membrum,
1422 1573 1593 1648 coenandum
1612 1572 1909 1634 enumerabuntur

264 1677 359 1750 digne,
370 1676 506 1749 judicium
518 1674 568 1734 sibi
581 1674 730 1737 manducat
743 1683 771 1731 et
782 1671 863 1742 bibit,
876 1685 930 1733 uota
942 1669 1071 1742 judicans
1124 1678 1215 1726 autom
1231 1672 1298 1731 eslla
1310 1685 1410 1741 wunus
1422 1669 1536 1750 ebrioli,
1554 1679 1584 1730 et
1597 1669 1720 1728 membru
1736 1667 1773 1729 db
1787 1667 1909 1728 membra.

266 1787 369 1846 eorpus
383 1772 503 1831 bomini.
519 1771 585 1828 ldeo
600 1771 673 1830 inter
694 1783 745 1831 ros
758 1767 837 1829 multi
861 1765 962 1827 ludrmi
977 1774 1005 1828 ot
1018 1765 1071 1826 irn-
1125 1765 1158 1823 lit
1172 1764 1419 1836 quoniamquidem
1432 1765 1520 1836 maula
1535 1764 1610 1824 boot
1623 1763 1795 1831 itrbeulesia,
1807 1763 1910 1834 numum

263 1864 388 1930 beoilles,
400 1871 428 1920 et
441 1861 583 1926 dormiunt
598 1860 685 1918 mulii.
700 1860 778 1929 Quoad
791 1859 815 1922 ti
829 1857 1015 1930 nosmetipsos
1028 1853 1066 1918 di·
1085 1841 1108 1912 Β
1122 1860 1271 1930 anarstulos,
1283 1857 1403 1918 amunio
1415 1859 1570 1929 nronbatas,
1582 1857 1663 1918 tertio
1675 1857 1815 1923 ducturos,
1825 1853 1911 1912 deinde

264 1956 467 2027 indicaremus,
484 1972 539 2012 non
556 1959 649 2025 otique
665 1952 860 2024 judicaremur.
879 1953 947 2006 llum
966 1948 1074 2032 indicae
1125 1952 1241 2014 virtuter
1263 1969 1271 2011 a
1295 1952 1397 2022 exinde
1423 1957 1525 2024 uratiaa
1547 1951 1744 2018 contionum,
1770 1949 1912 2021 unitulatlo·

267 2063 332 2104 mm
345 2057 467 2106 autema
495 2047 610 2109 Domino
625 2045 802 2118 corripimur,
818 2054 848 2104 ut
865 2057 920 2100 nou
944 2057 1006 2104 oum
1021 2042 1073 2098 boe
1126 2059 1185 2114 nos,
1199 2045 1432 2116 gubernationes,
1448 2061 1548 2116 quassa
1565 2045 1718 2116 linguarum
1729 2041 1766 2111 ,b
1789 2044 1913 2113 interna·

205 2132 208 2138 '
266 2141 371 2196 mundo
385 2138 556 2203 damnemur.
577 2138 682 2215 ltaque,
697 2136 800 2200 iratres
814 2136 880 2205 noel.
895 2150 958 2198 erem
971 2149 1073 2198 sonte·
1127 2139 1243 2199 tationes
1257 2151 1427 2198 sermonum.
1444 2135 1913 2210 illumqoidomnesanostulltmu·

269 2231 335 2289 uitis
349 2232 383 2288 ad
398 2230 631 2300 nranduoaodum,
648 2230 765 2292 iurarem
780 2237 948 2305 exspectato.
963 2227 993 2286 Si
1013 2227 1075 2306 quit
1124 2229 1189 2304 quid
1205 2245 1301 2291 omnes
1321 2231 1484 2304 nropbetul
1503 2229 1633 2302 numquid
1660 2243 1758 2288 mnas
1776 2227 1913 2286 duotorstl

269 2324 368 2394 esurit,
380 2324 455 2382 domi
470 2325 639 2387 manducet:
663 2332 692 2379 td
707 2323 800 2388 nonin
820 2322 954 2406 julleium
973 2335 1076 2384 toute·
1127 2325 1257 2400 numqnid
1282 2340 1379 2385 omnus
1398 2324 1533 2388 uirtutetl
1548 2324 1678 2396 numquid
1692 2337 1792 2383 amnne
1810 2321 1913 2394 gratian

265 2419 357 2475 norun.
373 2417 479 2475 uetera
494 2425 604 2484 toleto.
626 2431 689 2472 eum
706 2430 820 2484 venem,
836 2415 991 2488 disnodans.
1126 2417 1228 2482 babeant
1241 2419 1433 2482 erratiuuumt
1448 2417 1578 2492 numquit
1591 2431 1688 2478 omnm
1701 2415 1803 2490 linquis
1813 2415 1914 2490 loquum

305 2513 385 2587 [Cen.
400 2509 470 2586 xli]
483 2512 523 2573 lle
536 2510 728 2587 spiritualibus
739 2521 842 2580 aulem.
858 2509 922 2574 uolo
937 2523 987 2572 tol
997 2509 1075 2590 igno
1127 2514 1192 2573 tori
1218 2513 1348 2586 numquid
1372 2527 1469 2572 omues
1490 2512 1708 2582 internrstautur
1722 2510 1735 2569 i
1750 2509 1913 2572 AEnulamiai

270 2620 346 2674 rare,
360 2603 470 2662 iratres.
485 2603 568 2661 Scitis
587 2604 718 2675 quoniam
729 2618 791 2668 culn
805 2611 904 2684 uentos
916 2602 1027 2674 estella,
1039 2601 1075 2666 ld
1126 2617 1215 2666 autern
1243 2606 1408 2670 charismata
1435 2606 1445 2682 l
1460 2606 1513 2667 lle.
1525 2608 1595 2664 alona
1610 2607 1620 2679 ]
1642 2606 1771 2668 meliora.
1794 2604 1826 2660 lit
1840 2602 1915 2660 alluo

270 2699 417 2766 simulacra
432 2709 506 2756 muta
521 2708 603 2772 lll⁰l¹¹
620 2699 795 2761 damnamini
815 2705 925 2758 euntes.
943 2695 1009 2757 ¹⁶⁰⁰
1026 2710 1075 2754 ¹¹⁰·
1127 2701 1351 2767 excellentiorem
1379 2701 1451 2762 riam
1478 2701 1648 2761 deruooatro.
1682 2697 1763 2773 [lla.
1796 2697 1915 2760 demons-

272 2801 331 2850 tum
345 2791 521 2864 uobislaoio,
537 2791 610 2863 quod
624 2807 703 2848 tremo
719 2791 748 2853 in
762 2790 865 2865 Spiritu
881 2790 930 2853 bei
945 2789 1073 2862 loquens,
1128 2795 1229 2868 aruum.

271 2885 338 2954 dicit
351 2885 498 2945 anathema
512 2883 589 2942 lesu.
605 2885 638 2940 lit
651 2898 734 2943 nemo
748 2891 840 2956 potest
857 2882 969 2952 dicore,
983 2881 1075 2944 bonai·
1164 2890 1241 2966 [Gan.
1257 2888 1339 2964 xlllt
1363 2889 1390 2949 st
1406 2890 1507 2964 linquis
1522 2889 1662 2956 bominum
1678 2890 1790 2964 loquar,
1804 2900 1832 2952 et
1845 2905 1917 2964 unqe·

271 2979 425 3046 nusJesus,
441 2979 494 3036 nisi
517 2980 546 3035 iu
570 2977 674 3049 Spiritu
698 2973 805 3043 blittolo.
829 2975 982 3038 DliiSlollffl
1009 2989 1077 3032 Vero
1129 2983 1235 3056 lorum,
1250 2984 1413 3046 charitatem
1433 2992 1524 3043 wem
1547 2999 1602 3043 non
1617 2983 1752 3052 habeam.
1768 2981 1917 3044 “mmmm

270 3076 423 3143 gratiarum
439 3081 514 3144 sunl,
529 3071 603 3131 idem
618 3081 709 3133 autem
725 3069 844 3147 Spiritus
857 3087 864 3134 ς
877 3069 912 3136 Et
926 3066 1076 3130 divisiones
1129 3073 1252 3136 vetulas
1274 3089 1386 3144 sonans,
1402 3085 1449 3133 aut
1463 3074 1618 3148 cymbalum
1634 3075 1767 3138 tinniens.
1785 3075 1818 3136 Et
1837 3077 1859 3134 ai
1878 3075 1919 3132 ba.

272 3165 506 3222 ministrationum
518 3171 594 3234 nunt,
607 3162 681 3219 idem
695 3169 787 3226 autem
799 3161 994 3224 [lominusaldt
1008 3161 1078 3219 dlvi·
1130 3167 1215 3226 ltuero
1240 3165 1424 3242 prnnquriqrn⁰
1439 3175 1467 3232 qq
1491 3168 1613 3228 noverim
1633 3169 1764 3242 mmm
1786 3167 1918 3236 omnim

161 3279 169 3287 ·
272 3260 366 3325 tiones
381 3259 575 3330 operationum
587 3266 663 3326 sunt,
687 3255 759 3312 idem
772 3272 838 3312 vero
850 3255 934 3328 Deus,
947 3256 993 3327 qui
1009 3270 1073 3327 ‹rpe-
1092 3242 1115 3309 G
1131 3275 1239 3322 ornnem
1253 3261 1396 3324 seleutiam
1412 3279 1418 3319 ς
1436 3269 1464 3322 et
1476 3262 1499 3324 si
1511 3260 1633 3323 lnaltuero
1652 3277 1764 3324 amrium
1787 3261 1875 3326 bdonr,
1887 3262 1918 3316 iu

272 3361 350 3408 ratur
362 3351 452 3412 omnia
462 3351 488 3412 in
503 3350 640 3418 omnibus.
660 3347 810 3428 Unicuique
823 3360 914 3411 autem
926 3348 1008 3412 datur
1021 3364 1077 3404 nna·
1132 3364 1161 3412 uu
1186 3364 1293 3418 mounes
1318 3355 1488 3424 munsterum,
1504 3355 1665 3420 quarinum
1690 3365 1784 3418 ,mem
1804 3371 1855 3415 „oq
1879 3353 1920 3412 uu.

274 3442 416 3500 milostatio
438 3441 606 3524 Spiritusad
628 3441 784 3507 utllitatom,
812 3441 866 3499 Alli
892 3441 1003 3517 quidem
1030 3458 1078 3514 per
1132 3448 1770 3519 une10‚niuulqum,1uusuaugeriqunfqincquo,
1783 3463 1918 3522 pauperum

277 3537 409 3615 Spiritum
423 3536 503 3602 datur
518 3550 611 3596 sermo
623 3535 787 3613 sapientiae:
809 3535 853 3590 alii
871 3544 964 3592 autem
985 3549 1078 3592 sermo
1130 3557 1227 3606 omnm
1239 3541 1381 3606 inquinatae
1395 3555 1482 3612 mena,
1496 3551 1523 3602 et
1536 3543 1561 3598 si
1577 3542 1714 3604 tradidero
1728 3557 1831 3616 cornus
1841 3553 1919 3602 meant

250 3621 401 3687 'selentia
415 3630 568 3692 secundum
582 3631 710 3687 eumdem
733 3627 883 3708 Spiritum:
907 3629 987 3689 alteri
1009 3629 1077 3686 lidos
1131 3636 1167 3696 iun
1185 3643 1212 3698 ut
1228 3620 1340 3694 ¹artleam
1363 3633 1430 3710 [llo.
1455 3634 1570 3708 audead,
1590 3635 1752 3700 charitatem
1775 3643 1919 3696 autemnon

275 3729 413 3787 inondum
427 3730 529 3804 Spiritu
549 3729 619 3789 :alil
637 3726 723 3805 qratia
737 3727 885 3790 sanitatum
900 3727 927 3792 iu
948 3740 1001 3782 uuo
1017 3725 1077 3798 Spi-
1131 3730 1267 3804 lraltuero,
1293 3730 1359 3794 nibil
1375 3729 1441 3789 milti
1468 3731 1590 3802 prodest.
1611 3729 1741 3794 Charitas
1755 3731 1861 3806 pallens
1874 3739 1920 3793 ert,

273 3827 329 3883 ritu
341 3841 350 3881 ε
364 3825 411 3881 alii
426 3826 552 3899 operatio
567 3825 715 3892 uirtutum,
730 3821 777 3886 alii
789 3821 947 3900 proqtbetia,
958 3819 1007 3877 alii
1022 3820 1078 3882 diu·
1131 3825 1248 3898 benignu
1263 3835 1320 3889 esu
1336 3824 1461 3889 cunutus
1474 3841 1529 3888 110„
1549 3826 1704 3893 munaum,
1720 3841 1776 3900 „qq
1798 3825 1853 3897 ,ιιι
1869 3837 1921 3894 W.

274 3922 363 3994 esretio
385 3920 548 3992 spirituum,
570 3919 728 3991 aliiqenera
742 3917 909 3992 linguarum,
923 3914 971 3980 alii
992 3915 1077 3978 inter·
1132 3933 1304 3988 utrumnum
1329 3917 1449 3984 irruatur.
1465 3933 1520 3984 non
1535 3927 1578 3976 ost
1596 3918 1751 3984 ambitiosa,
1767 3933 1820 3981 nor
1836 3914 1921 3989 qtrarit

275 4016 395 4085 prelatio
408 4012 652 4085 sermonumttae
661 4022 752 4078 autern
764 4010 855 4074 omnia
866 4017 996 4080 oneratur
1009 4023 1080 4074 bula
1131 4027 1192 4082 qum
1207 4025 1254 4070 stru
1268 4019 1342 4082 stant,
1354 4027 1408 4070 nort
1418 4011 1553 4078 irritatur,
1566 4027 1620 4073 nou
1636 4011 1737 4084 euqitat
1747 4011 1859 4082 malum,
1874 4023 1920 4066 non

276 4102 1080 4183 atqueidemSniritua,dividenssiuqulisproutrult.Sl0ut
1131 4101 1232 4174 quindei
1249 4117 1331 4174 tornet
1346 4101 1505 4176 iniquitate,
1521 4103 1675 4175 congaudet
1696 4113 1790 4164 autern
1806 4101 1920 4160 ueritati:

277 4193 1078 4271 enrmmmuemumeat,etmembratabetmulua,'oumto
1132 4193 1921 4268 ornuiasulioruomniaeredit,omniatperat,omniasem-

277 4300 369 4349 atatem
382 4289 502 4352 membra
514 4287 639 4368 eorporis
648 4303 709 4344 eum
721 4288 776 4354 sint
789 4287 883 4352 multa,
892 4301 974 4342 unum
991 4296 1079 4342 tamen
1131 4288 1210 4352 tiuat,
1222 4288 1346 4350 ebaritas
1361 4303 1506 4360 numquam
1516 4288 1694 4360 excidentia
1704 4289 1855 4362 nroplrotiae
1864 4301 1920 4344 ura·

277 4391 445 4457 oorpussunt
457 4398 464 4436 ε
477 4379 687 4442 itaetclmistus.
696 4379 803 4436 Etenim
813 4380 839 4444 iu
847 4393 902 4442 uno
913 4377 1014 4450 sutrim
1022 4391 1082 4435 om·
1132 4379 1292 4447 mabuntur,
1317 4380 1375 4444 siue
1388 4380 1486 4451 linquam
1500 4381 1655 4452 tutabant,
1671 4382 1729 4443 niun
1747 4381 1860 4445 seientia
1879 4375 1921 4436 do·

276 4486 329 4532 ries
343 4487 393 4530 nos
407 4473 435 4528 in
450 4487 533 4528 unum
542 4487 641 4549 cornus
651 4471 780 4546 baptizati
791 4486 895 4541 sumus,
908 4471 967 4528 site
981 4469 1080 4541 ludaei,
1132 4481 1262 4531 struatur.
1270 4473 1309 4533 lix
1322 4484 1399 4544 parte
1408 4457 1685 4548 onimeoqnoaeimus,
1700 4481 1728 4536 et
1738 4489 1774 4534 ex
1786 4485 1860 4546 nartr
1871 4487 1922 4543 nro·

276 4566 336 4623 sire
349 4565 474 4637 gentiles,
484 4565 633 4632 sireserri‚
645 4563 791 4627 sireliberi
805 4579 813 4621 a
826 4573 956 4620 etomnos
966 4571 977 4600 ⁸
988 4563 1015 4619 in
1028 4577 1081 4620 unm
1133 4567 1286 4640 nbetamut.
1301 4565 1369 4630 Gutta
1392 4575 1482 4632 autem
1497 4569 1601 4627 venerit
1616 4568 1687 4639 quud
1703 4567 1853 4642 perfeetum
1875 4575 1921 4632 ost,

277 4655 380 4728 sutrim
395 4659 478 4728 l⁰l³¹³
492 4671 596 4713 sumus.
618 4655 686 4712 Nam
701 4663 730 4712 et
748 4669 848 4727 cornus
871 4671 925 4718 nou
941 4664 1078 4711 estonum
1096 4633 1311 4724 Deraembltur
1323 4660 1394 4734 quod
1405 4676 1438 4724 er
1453 4669 1530 4742 nerto
1543 4669 1593 4721 est.
1607 4661 1674 4719 Ctltll
1688 4675 1779 4722 estam
1792 4658 1920 4734 paruulus.

277 4753 445 4822 membrum,
459 4751 509 4810 sed
523 4753 616 4808 multa.
628 4751 656 4808 Si
671 4750 770 4807 dixerit
784 4763 832 4832 pes
850 4768 858 4806 a
873 4749 1008 4818 erouiam
1024 4763 1079 4807 non
1132 4751 1920 4834 loquelarumnarrum,sapiebamuenarrolusmoqbalon

279 4861 340 4904 sum
353 4859 462 4918 marrus,
475 4859 528 4901 non
541 4859 601 4900 sum
615 4843 650 4902 de
664 4858 801 4916 corpore:
818 4859 883 4900 num
898 4844 959 4911 ideq
971 4860 1024 4906 rrun
1038 4854 1081 4899 est
1133 4847 1441 4922 ulnaruulua.Quandn
1455 4847 1645 4912 annuntiamus
1659 4863 1720 4913 blut
1736 4849 1788 4920 atr,
1804 4843 1921 4906 uenerari
1965 4859 1967 4866 ·

279 4941 315 4998 de
328 4940 469 5012 cornoroi
484 4941 517 4996 Et
536 4941 559 4997 si
574 4939 674 5004 dixerit
690 4938 765 4995 auris
780 4956 787 4994 t
801 4938 935 5007 Quoniam
952 4953 1005 4994 uon
1020 4953 1078 4993 sum
1132 4957 1193 5013 qum
1206 4949 1283 5005 erant
1297 4942 1410 5014 paruuli.
1430 4939 1558 5000 Videmus
1582 4958 1655 5002 nuno
1667 4957 1716 5018 pur
1738 4943 1876 5016 anecttlurn
1899 4940 1921 4995 iu

281 5033 389 5097 oculus,
404 5047 458 5089 non
469 5045 529 5088 sum
543 5031 578 5089 de
597 5045 732 5102 corpore:
755 5047 818 5087 num
843 5031 906 5087 ideo
920 5046 974 5086 non
990 5034 1033 5087 est
1046 5032 1080 5088 do
1133 5035 1361 5106 enigmateztune
1371 5047 1460 5096 autem
1471 5037 1539 5095 broie
1549 5039 1582 5096 ad
1593 5037 1787 5099 laetemtlunu
1797 5051 1922 5111 munem

279 5125 417 5196 corporei
430 5124 460 5184 Sl
480 5133 565 5187 totum
587 5136 688 5204 eorpus
702 5123 797 5180 oculus
813 5142 820 5180 a
846 5123 892 5180 ubi
904 5122 1035 5180 aodilusl
1049 5123 1078 5180 Si
1132 5143 1166 5189 er
1179 5137 1604 5208 narteatnnuautemboqnosoam
1614 5135 1920 5208 slotatetoognllussum.

279 5230 367 5279 totum
383 5222 492 5289 auditus
509 5240 516 5276 a
540 5220 588 5278 ubi
611 5219 766 5276 odoratus?
784 5218 863 5276 Nune
882 5229 973 5274 autem
989 5219 1079 5289 posuit
1131 5221 1309 5290 Nttnoautunu
1321 5233 1440 5296 manant,
1458 5225 1535 5294 lidus,
1550 5227 1766 5300 nequeamus,
1783 5229 1832 5287 tria
1847 5227 1920 5290 buo:

280 5315 354 5371 Deus
367 5315 499 5386 membru,
512 5314 724 5398 unumquodque
732 5329 827 5370 eorum
839 5312 867 5370 in
878 5327 997 5384 oornore
1008 5311 1079 5373 siout
1132 5317 1219 5390 maior
1237 5328 1329 5386 qqtqqu
1339 5318 1438 5382 borum
1450 5322 1627 5398 estebaritas.

285 5406 381 5461 uoluit.
396 5405 474 5490 Quod
490 5406 513 5464 si
528 5415 621 5463 essent
635 5407 728 5464 omnia
751 5421 837 5462 uuum
853 5404 1017 5473 membrum,
1032 5405 1078 5464 ubi
1168 5409 1338 5488 [Cup.lllll,]
1352 5411 1504 5480 Sectam'tni
1517 5414 1690 5484 ebertilalant.
1703 5415 1863 5480 emulamini
1873 5410 1921 5483 spi.

282 5498 402 5568 corpus?
415 5497 493 5556 Nune
512 5508 604 5557 autom
620 5501 705 5556 multa
718 5493 829 5571 quidem
845 5499 980 5571 membru,
995 5516 1080 5558 unum
1131 5504 1218 5572 ritalia
1233 5525 1239 5564 :
1257 5509 1449 5589 magistatem
1463 5507 1921 5582 utnrqnlqutqus‚0uiunumuuqqu.

279 5596 372 5646 annm
385 5603 496 5662 coruus.
511 5590 571 5648 Non
584 5599 673 5664 potest
687 5599 777 5648 autem
800 5593 897 5649 oculus
911 5592 1003 5650 dicero
1020 5608 1079 5652 rua-
1131 5604 1175 5668 tqq
1190 5599 1293 5677 lingua,
1304 5616 1358 5670 qq„
1372 5601 1530 5670 hominique
1544 5603 1675 5676 loquum,
1689 5603 1735 5664 ,eq
1753 5604 1827 5662 beo:
1844 5613 1917 5658 „mn

318 5731 446 5790 ⁸detiru
465 5732 576 5804 pronius
588 5732 686 5790 Graeoo
705 5733 790 5792 tortoi
803 5732 943 5794 neutrum
962 5747 1017 5792 urs.
1031 5731 1079 5792 bt·
1168 5733 1287 5794 blluselt
1301 5737 1440 5795 Paletlnna
1455 5753 1505 5794 ros.
1526 5739 1620 5805 rurba,
1635 5739 1859 5806 laternretatlouer
1872 5751 1918 5789 au·

281 5805 429 5948 {few
443 5803 564 5870 enititum
582 5805 742 5876 poterimus,
770 5814 834 5870 ote,
853 5803 879 5860 ln
897 5811 999 5880 πνεῦμα
1019 5805 1077 5865 irre·
1133 5823 1319 5880 manumque)
1334 5822 1361 5866 et
1378 5813 1429 5869 rari
1442 5825 1458 5869 a
1472 5810 1575 5878 Granis
1592 5826 1657 5867 ratas.
1671 5811 1779 5870 babent.
