4017 6334
80 385 124 447 us
679 362 1140 450 cuentnncmseonuu.'
1673 398 1727 458 su

79 506 128 558 loco
139 504 224 575 porris
237 505 333 563 sulcet
345 505 487 561 enuntiarit
497 504 522 562 ei
531 510 631 572 suante
640 505 701 577 {ecit
715 503 873 576 brusetrtus,
890 503 913 567 A
965 505 999 562 Ει
1018 504 1213 580 postulauerunt
1235 503 1268 559 ab
1290 517 1319 560 eo
1342 503 1447 563 deutrus
1468 503 1596 577 recipere,
1618 517 1643 564 et
1657 511 1727 568 dedis

79 584 98 630 rt
111 577 265 632 inimicitius
280 579 440 633 exercituum
449 581 508 651 ejus
517 578 642 632 alumnus
651 576 737 632 illum.
755 575 789 633 tit
803 593 875 636 man·
926 577 982 634 illis
994 593 1004 634 .·
1018 587 1043 632 ει
1056 577 1131 650 ejecit
1147 585 1160 616 ⁸
1175 591 1219 632 eos
1231 576 1304 646 inde,
1321 584 1346 632 et
1359 578 1425 649 cepit
1439 577 1578 651 ciuitatem,
1594 589 1619 637 ιι
1639 585 1728 656 posuis

79 646 107 700 sit
118 647 153 700 ibi
167 647 261 704 diebus
273 649 376 705 multis.
926 648 1001 705 inea
1034 648 1178 705 residium.

109 717 144 772 Ει
156 719 229 774 misit
242 718 373 777 tenutas
385 720 421 775 ad
435 717 594 776 Demetrium
606 735 705 791 repcsn,
727 729 756 776 nt
771 721 876 796 ejiceret
963 719 999 777 tu
1012 665 1152 788 bonarios,
1171 727 1197 775 ει
1212 727 1298 780 castra
1312 721 1370 794 ejus
1385 719 1565 794 applicuerunt
1579 723 1615 781 ed
1633 741 1729 798 aquam

79 805 125 856 eos,
141 792 230 862 quiin
245 808 307 850 aree
319 801 392 848 mant
401 791 431 847 in
440 788 598 860 Jerusalem,
613 799 638 848 et
647 793 692 865 qni
703 792 731 847 in
745 794 878 864 praesidiis
927 791 1053 862 Genesar,
1070 801 1092 850 et
1111 801 1171 848 ante
1185 791 1270 848 lucem
1283 789 1454 866 ripilnmrnm
1470 793 1497 848 iu
1510 809 1602 868 campo
1616 799 1692 855 Aser.

78 871 148 918 erunt
162 881 172 918 :
186 864 252 935 quia
264 863 454 937 inspupnabant
469 861 565 920 lsrael.
964 863 1000 922 Ει
1013 880 1071 921 ecce
1085 874 1172 920 castra
1184 861 1390 938 alieuipeuarnm
1400 865 1569 922 occurrebam
1582 867 1610 925 in
1623 885 1726 943 canipa,

110 933 145 987 Et
154 936 227 991 misit
237 935 388 992 Demetrius
399 937 434 991 ad
443 933 602 1005 leuntiam,
618 937 707 992 dicens
722 951 731 992 :
746 935 807 994 Non
821 936 877 994 lttcc
928 945 952 993 el
967 935 1137 994 tendebantet'
1151 935 1261 992 insidias
1271 937 1299 992 ln
1312 936 1442 994 momls'bns
1454 951 1463 994 .·
1474 937 1529 1008 ipse
1540 948 1628 998 aulem
1639 957 1729 1000 occur·

80 1013 176 1060 tanturn
192 1007 293 1078 faciam
310 1008 367 1076 tibi,
383 1015 407 1062 et
422 1008 493 1082 penti
507 1017 568 1073 tue,
583 1007 629 1063 sed
644 1009 728 1082 pluria
739 1008 877 1068 illustrabo
928 1007 964 1064 rit
974 1023 1007 1064 ea
1019 1009 1139 1064 adomso.

80 1087 110 1146 te,
124 1087 148 1132 et
162 1088 267 1152 pentem
279 1089 352 1136 tuam
366 1095 425 1135 cnm
437 1080 518 1151 {nmis
529 1089 716 1150 opportunum.
964 1077 1074 1137 insidiae
1087 1096 1147 1137 nero
1161 1087 1358 1138 resurrexerunt
1377 1079 1409 1136 dc
1425 1079 1490 1140 locis
1504 1083 1570 1156 snit,
1584 1094 1609 1142 et
1620 1087 1729 1144 commi·

93 1221 99 1232 ·
111 1147 139 1202 N
142 1167 193 1205 rane
207 1152 466 1236 erponem-feceris,
481 1151 505 1207 si
518 1151 619 1234 miseris
631 1152 659 1207 in
671 1151 801 1208 ancilium
814 1151 879 1209 milei
929 1161 1019 1210 nerum
1028 1151 1159 1226 prelium.
1195 1225 1201 1240 ·

79 1237 243 1350 ”tritt
254 1223 758 1353 brcbtt'ltttlli'llm
771 1296 879 1368 rostra.
930 1222 1138 1352 „sibisibi
1153 1219 1730 1370 duimft-clillltlml'icl

81 1365 265 1423 letiocbinm:
280 1375 305 1421 et
324 1375 449 1423 renerum
470 1365 505 1422 ad
525 1381 623 1442 repom,
639 1378 664 1424 et
678 1367 820 1424 delectatus
841 1377 879 1424 est
930 1365 1002 1435 lauri,
1017 1378 1041 1423 et
1051 1367 1136 1424 ludus
1146 1366 1217 1438 filins
1230 1365 1335 1439 Galplci,
1346 1369 1575 1442 princepsmilitia
1588 1373 1727 1431 exercitus.

78 1453 121 1492 ers
133 1439 161 1492 in
177 1439 291 1496 aduentu
304 1453 403 1494 omum.
967 1437 1002 1494 Et
1013 1439 1090 1496 scidit
1107 1436 1237 1496 lonntlsas
1250 1441 1400 1497 uestimenta
1412 1455 1472 1512 sna,
1495 1449 1520 1498 et
1535 1443 1622 1516 potnit
1633 1453 1730 1504 terrem

110 1508 146 1564 Et
161 1520 347 1578 cannenernut,
363 1511 407 1580 qni
421 1519 495 1566 eram
506 1511 539 1566 de
552 1512 657 1567 ciuitate
669 1518 772 1566 centurn
786 1507 879 1584 ripinti
928 1510 958 1567 in
970 1512 1053 1580 capite
1062 1527 1121 1578 sua,
1133 1519 1158 1568 el
1172 1511 1265 1568 orauit.

80 1580 159 1635 mittin
173 1583 303 1649 uirorum,
317 1591 342 1637 et
356 1581 473 1638 retebant
482 1583 630 1653 interficere
642 1599 739 1654 repom.
966 1579 1002 1638 Et
1015 1581 1179 1640 reuersus‘est
1190 1579 1318 1640 Jonatlras
1332 1582 1367 1638 ad
1379 1596 1421 1640 eas
1441 1581 1470 1639 in
1492 1585 1621 1658 prelium,
1633 1595 1657 1645 et
1671 1604 1732 1646 con·

110 1651 146 1707 Ει
158 1652 228 1726 [epit
238 1671 286 1710 ree
297 1656 327 1710 in
337 1656 427 1711 aulam
439 1670 448 1710 :
461 1664 487 1710 ει
500 1662 690 1730 occupauerunt
703 1655 749 1728 qui
760 1663 835 1710 eram
848 1655 880 1712 ale
929 1653 1005 1710 uertit
1020 1669 1062 1712 eos
1077 1657 1104 1710 ia
1118 1649 1224 1728 lupam.
1239 1665 1263 1711 el
1278 1665 1467 1726 pnpnauernm.

82 1725 193 1794 cisitete,
206 1725 304 1781 itinera
317 1726 437 1793 ciuitatis,
450 1736 475 1782 et
489 1734 620 1798 ceperum
634 1739 763 1802 pupnare.
966 1723 1002 1783 m
1023 1726 1143 1783 uiderunt
1162 1727 1206 1800 qni
1225 1724 1358 1799 [upiebam
1378 1727 1461 1795 partis
1483 1727 1570 1796 illius.
1591 1739 1616 1786 et
1635 1733 1733 1789 reuersi

110 1795 147 1851 Et
164 1798 269 1852 soceris
284 1813 333 1854 rec
345 1798 452 1853 saeuos
471 1800 500 1853 ln
513 1797 652 1864 ancilium,
669 1805 693 1853 et
706 1808 880 1854 conuenerunt
930 1806 991 1854 sunt
1012 1799 1048 1854 ad
1066 1814 1134 1866 eum,
1158 1809 1182 1856 et
1198 1797 1401 1870 insequebantur
1423 1814 1482 1856 cnm
1496 1817 1525 1857 eo
1546 1817 1634 1858 omnes
1651 1819 1732 1880 usaue

82 1884 165 1926 omnes
179 1869 260 1925 amnt
275 1871 312 1924 ad
328 1885 398 1940 enm,
412 1881 438 1925 ει
454 1870 566 1944 dispersi
580 1878 641 1924 snm
654 1885 742 1925 omnes
755 1885 802 1942 per
818 1870 880 1925 cini·
893 1902 918 1970 B
931 1869 1017 1928 Gades
1031 1869 1066 1926 ad
1081 1878 1167 1926 castra
1177 1884 1237 1936 sne,
1250 1879 1274 1926 et
1288 1879 1459 1943 peccauerunt
1473 1887 1554 1947 nsque
1564 1873 1639 1932 illuc.

79 1948 174 1995 tatem.-
967 1937 1004 1997 m
1018 1941 1168 1998 cecideruut
1189 1943 1223 1998 de
1244 1941 1397 2018 alieuipenis
1416 1941 1445 1999 in
1459 1941 1502 1998 die
1520 1943 1567 2000 illa
1584 1945 1636 2002 tria
1649 1947 1732 2004 millio

113 2011 146 2065 Et
159 2013 315 2069 occiderunt
328 2011 357 2067 in
366 2010 417 2068 ille
429 2012 472 2067 elie
486 2021 588 2068 centnm
600 2010 686 2068 millia
698 2011 842 2081 torminum,
855 2022 880 2068 ει
930 2010 1068 2070 meorum:
1083 2023 1107 2070 et
1121 2027 1237 2072 reuersus
1251 2021 1289 2072 est
1301 2011 1430 2072 lonatltas
1440 2013 1469 2072 in
1482 2011 1642 2074 Jermalem.

81 2084 268 2140 macendernnc
278 2083 418 2154 ciuitatem
434 2092 457 2140 et
470 2092 595 2158 ceperunt
607 2085 693 2158 spolia
702 2085 786 2140 multa
798 2089 826 2140 in
837 2085 881 2141 tlie
1234 2125 1351 2186 CAPUT
1366 2123 1415 2184 x„

80 2155 133 2223 illa,
146 2165 171 2213 et
186 2156 361 2212 liberaremus
371 2171 466 2228 sepem.
1418 2165 1425 2182 ·

113 2226 147 2282 Ει
162 2228 285 2283 ιιιειιιει
301 2229 346 2300 psi
362 2237 436 2283 murt
451 2228 483 2283 de
494 2227 609 2298 ciuitate,
626 2229 696 2295 quod
709 2227 881 2284 obtinuissem
967 2215 1002 2276 Et
1016 2217 1229 2308 riditlonctlrm
1244 2221 1306 2294 qnia
1323 2231 1423 2295 tempus
1442 2237 1501 2279 cnm
1516 2224 1734 2302 intendebam

80 2297 167 2355 Μή
189 2299 339 2368 Querens,
364 2300 430 2355 moue
453 2299 596 2356 solebam:
617 2309 643 2356 se
669 2299 795 2372 inpensam
820 2307 881 2356 susm
930 2293 1013 2378 uiros,
1023 2301 1051 2377 'et
1061 2305 1132 2350 must
1145 2307 1187 2350 eos
1200 2293 1443 2363 Rornumstutnere‚
1456 2303 1481 2350 et
1489 2311 1613 2354 renouare
1624 2315 1683 2355 cum
1697 2305 1732 2356 ris

82 2383 160 2426 mente
186 2387 248 2442 enta,
271 2380 296 2429 et
317 2369 494 2428 clamaverunt
514 2372 550 2427 atl
572 2387 659 2444 repom
682 2387 740 2427 cnm
761 2370 881 2444 precibus
931 2365 1082 2422 annectam.

81 2441 216 2499 niumm,-
968 2433 1005 2491 Ει
1018 2437 1053 2491 nd
1067 2435 1226 2510 Spartiates,
1247 2445 1272 2494 et
1286 2437 1321 2494 ad
1334 2437 1388 2495 alia
1402 2437 1459 2496 loce
1472 2437 1541 2494 misit
1556 2441 1679 2512 epistolas
1692 2461 1733 2500 se-

113 2511 156 2570 lla
169 2513 248 2570 nobis
261 2512 384 2584 destrae,
400 2523 423 2571 et
438 2522 536 2573 cessent
553 2511 641 2572 ludaei
655 2529 808 2590 oppugnare
821 2529 879 2586 uos,
932 2509 1046 2565 centnm
1062 2508 1177 2565 enondem
1191 2511 1313 2582 immam.

82 2596 104 2640 et
117 2587 261 2646 cesenatem.
968 2577 1004 2635 Et
1015 2580 1136 2636 abierunt
1149 2579 1271 2648 Romans,
1284 2591 1308 2637 ιι
1320 2579 1481 2638 intrauerunt
1495 2583 1608 2651 curiam,
1622 2593 1647 2641 et
1659 2587 1733 2642 clico-

113 2657 148 2714 Ει
160 2659 330 2732 proiecerunt
345 2671 419 2715 arma
431 2675 492 2729 sua,
506 2667 531 2717 et
543 2659 658 2734 {ecorum
670 2674 770 2733 paean,
786 2665 811 2715 et
823 2656 882 2730 plo·
932 2660 995 2708 rum
1015 2667 1024 2706 .·
1042 2648 1171 2708 donaticas
1185 2669 1301 2710 crematus
1318 2654 1450 2720 sacerdos,
1466 2661 1489 2710 et
1503 2669 1566 2726 pens
1580 2651 1732 2714 ludaeorum

81 2730 177 2800 sitienti
190 2737 254 2786 snut
266 2729 356 2788 lnrltei
366 2732 395 2786 iu
409 2741 546 2806 conspectu
558 2732 646 2806 repis,
661 2740 686 2785 et
698 2730 726 2785 in
743 2745 804 2785 cons
825 2738 883 2786 ectu
932 2723 1058 2779 miserunt
1073 2737 1130 2810 aas,
1146 2733 1174 2808 m
1189 2739 1370 2782 renovaremus
1381 2725 1535 2794 amicitiam,
1547 2735 1571 2780 et
1585 2727 1732 2786 societatum

85 2804 262 2874 emmeramni
272 2804 423 2858 erantiare
459 2807 582 2878 aejns,et
593 2799 720 2858 uominmi
732 2809 792 2857 sunt
804 2817 831 2857 m
841 2815 884 2856 re-
933 2795 1074 2852 secundnm
1089 2805 1238 2866 prrstmum.
1417 2833 1423 2842 .

84 2875 302 2946 psoretreptessi
311 2877 406 2930 suntin
430 2875 557 2932 menatem
566 2874 780 2943 trabentesspoliu
789 2871 880 2929 multe.
971 2864 1006 2923 Et
1018 2865 1145 2924 dederunt
1163 2866 1217 2924 illis
1231 2867 1353 2938 epistolas
1365 2869 1401 2924 ad
1414 2867 1665 2944 §prosperiorem
1683 2871 1731 2928 de·

115 2945 150 2999 Ec
169 2947 238 3001 sedit
260 2945 407 3002 llemetrius
425 2964 472 3003 ree
484 2948 512 3003 in
531 2945 591 3002 sede
605 2946 678 3019 rapui
693 2945 735 3001 sui
751 2955 795 3002 :et
809 2944 883 3004 nituit
934 2936 1057 2995 ducerent
1072 2953 1115 2995 eas
1126 2940 1153 2994 iu
1166 2949 1262 2994 terram
1276 2934 1349 2996 lude
1367 2957 1425 2996 cuns
1439 2956 1514 3010 pace.

82 3019 190 3072 terrain
204 3025 346 3087 conspeetu
360 3021 425 3090 ejus.
934 3017 956 3078 ιι
970 3009 1006 3066 Et
1018 3009 1065 3066 boc
1081 3019 1120 3066 cst
1132 3009 1276 3085 exemplum
1291 3011 1469 3086 epistolarum,
1487 3027 1552 3082 qroas
1565 3013 1669 3085 scripsit
1682 3013 1732 3072 lo-

114 3089 151 3144 Ει
164 3089 290 3144 mentitus
301 3097 337 3142 est
350 3091 437 3144 cornia
449 3103 615 3174 quecumque
626 3087 703 3157 dicit,
716 3095 739 3144 et
751 3087 884 3146 stationa-
935 3081 1029 3137 nutias
1043 3081 1206 3152 Spartiatis:

82 3161 115 3213 rit
130 3177 159 3216 ee
172 3178 190 3214 n
203 3158 339 3231 tonatim,
360 3169 387 3216 et
400 3177 454 3217 non
466 3163 588 3217 retribuat
602 3161 626 3215 ei
640 3159 784 3216 secundum
805 3164 883 3216 berre·
970 3151 1100 3210 lonatbas
1115 3169 1229 3212 summus
1253 3155 1385 3218 sacerdos.
1412 3164 1436 3211 ot
1462 3159 1577 3216 certiores
1615 3160 1690 3226 entis,
1709 3170 1734 3216 et

82 3231 152 3301 licia,
173 3248 234 3303 qne
249 3232 299 3287 sibi
317 3233 468 3289 retribueret
483 3234 537 3308 [Al.
553 3230 709 3304 tribuerat'l,
730 3241 755 3288 et
775 3232 884 3288 ιειιιιι
935 3224 1091 3296 sacerdotes,
1112 3235 1136 3282 ct
1156 3227 1270 3298 reliquus
1293 3225 1406 3302 populns
1420 3225 1574 3286 luctuosum
1588 3174 1733 3303 dpurtimis

78 3317 138 3358 erm
149 3303 240 3359 ualde.
897 3297 1062 3369 csralribns
1077 3299 1197 3354 salutem.

116 3375 184 3432 Post
197 3375 256 3431 nee
271 3383 361 3432 autem
371 3391 488 3434 seranus
500 3385 538 3432 est
550 3373 688 3449 Tryphon,
700 3382 724 3430 bt
739 3373 884 3431 Antiochus
972 3367 1135 3441 lampadem
1149 3369 1235 3426 mdeste
1245 3378 1318 3424 erbttl
1329 3369 1445 3440 epistolae
1454 3373 1489 3428 ad
1501 3372 1593 3430 otiam
1604 3389 1733 3430 rumentum

82 3463 186 3503 cumea
201 3463 268 3522 puer
288 3450 449 3520 adolescens,
464 3457 489 3504 et
501 3450 629 3522 repnanit,
653 3457 677 3504 ct
698 3446 823 3520 imposuit
835 3447 884 3502 sibi
935 3442 1096 3497 sacerdotem
1115 3440 1147 3496 ab
1165 3440 1239 3503 Ario.
1253 3441 1433 3514 anirepuabat
1452 3446 1522 3515 apud
1538 3461 1593 3514 uos,
1609 3445 1733 3516 qnoniam

79 3522 215 3574 mm.
935 3514 997 3569 estis
1008 3512 1102 3582 {ratres
1113 3513 1206 3584 nostri,
1219 3513 1285 3569 siem
1297 3514 1451 3587 rescriptum
1461 3519 1585 3588 coracinet,
1598 3517 1667 3588 quael
1676 3519 1736 3574 snb·

117 3592 251 3666 titconpr
284 3595 320 3648 nti
341 3601 402 3649 snm
422 3594 529 3650 adeum
553 3607 641 3648 omnes
661 3591 798 3656 maeres,
820 3605 884 3661 anos
931 3587 1032 3658 jectum
1044 3595 1090 3640 est.
1186 3655 1191 3668 1
1253 3655 1259 3668 ⁸

81 3665 244 3737 disperserat
286 3667 417 3735 enotrius,
433 3675 457 3722 ει
467 3671 648 3738 pnpnarerum
660 3671 751 3718 contra
766 3675 845 3718 eram:
859 3670 884 3716 et
972 3653 1006 3710 Et
1017 3655 1128 3728 suscepit
1140 3653 1220 3710 Orsus
1235 3657 1383 3727 urrumnai
1394 3657 1599 3732 miseresceret,
1614 3677 1672 3716 cnm
1684 3657 1732 3716 ιι·
1801 3703 1808 3719 ,

81 3740 162 3810 sapit,
178 3746 207 3792 et
221 3747 297 3808 terps
310 3740 396 3792 uertit.
936 3741 998 3782 nore
1012 3743 1020 3780 :
1036 3736 1059 3781 ει
1082 3727 1179 3800 accepit
1199 3725 1333 3810 epistolas,
1346 3729 1374 3784 in
1388 3729 1481 3801 quibus
1494 3731 1690 3802 significabatur
1702 3731 1734 3788 dc

114 3808 152 3863 m
166 3810 273 3882 aceepit
287 3807 529 3881 torpuerimus,
544 3818 567 3862 ει
581 3805 691 3863 obtinuit
705 3803 884 3862 Antiochiam:
936 3797 1066 3865 societate,
1081 3807 1104 3854 et
1119 3798 1242 3853 anricitra.

114 3879 151 3934 Ec
166 3882 276 3956 scripsit
296 3881 439 3936 Aristaenus
458 3881 608 3936 suolmam
627 3876 761 3946 bonactus,
774 3879 885 3934 moesi:
973 3868 1030 3924 Nos
1045 3885 1103 3954 cum
1114 3869 1187 3926 nullo
1197 3871 1298 3956 barum·
1307 3869 1492 3956 inciperemus,
1506 3871 1626 3955 lustrantes
1641 3874 1733 3930 solatio

80 3951 224 4008 (ὶιιειιιιιε
237 3953 286 4008 tibi
299 3951 487 4020 sacerdotium,
508 3960 531 4008 et
546 3951 673 4007 constituo
691 3959 716 4006 ιε
728 3965 808 4022 super
820 3964 885 4016 ana·
936 3949 1040 3998 sanetas
1052 3941 1143 4010 libror,
1155 3954 1204 4026 pm
1215 3953 1276 3996 sum
1289 3959 1315 3996 ru
1329 3943 1449 3998 mousbns
1462 3953 1569 4000 aestus.

79 4032 143 4078 tuor
153 4026 288 4089 ciuitates,
302 4032 333 4078 ut
345 4025 381 4079 sis
395 4024 427 4080 de
437 4026 525 4079 mricls
538 4023 618 4095 repis.
972 4011 1116 4068 blalnlmus
1126 4020 1227 4070 mutere
1243 4014 1277 4068 acl
1289 4026 1333 4069 nos
1348 4030 1472 4070 renouare
1489 4016 1691 4088 fraternitatem,
1707 4028 1730 4074 at

114 4096 153 4150 Ee
175 4097 249 4152 mesen
262 4096 305 4152 sui
316 4111 378 4150 susa
396 4111 476 4151 uum
489 4097 517 4150 fn
537 4093 722 4161 mundatorium,
737 4102 760 4148 ot
774 4091 885 4148 dedices·
936 4085 1089 4154 amicitiem,
1114 4101 1147 4140 ne
1170 4086 1236 4158 [orte
1256 4084 1335 4140 alieni
1348 4087 1493 4158 efficiamur
1513 4104 1531 4142 a
1548 4087 1639 4164 vnabis:
1652 4087 1734 4144 multu

79 4177 241 4238 potestacem
255 4167 359 4224 bibendi
373 4169 401 4222 iu
416 4183 491 4238 auro,
506 4177 530 4223 ει
542 4182 596 4224 esse
606 4167 634 4221 in
650 4181 777 4239 purpura,
796 4175 821 4221 et
833 4164 885 4218 lta·
936 4157 1005 4213 enlm
1023 4166 1139 4230 tersrpora
1153 4158 1326 4224 transierum,
1337 4173 1369 4213 ec
1379 4173 1429 4228 qno
1439 4159 1547 4216 misistis
1556 4160 1591 4215 ad
1605 4177 1661 4216 nos.

77 4242 138 4295 bere
148 4241 266 4310 mulum
274 4255 404 4296 meam:
973 4226 1032 4285 ctos
1043 4245 1104 4302 erpo
1114 4229 1143 4284 in
1154 4229 1223 4285 omni
1235 4237 1349 4303 ιειιριιε
1361 4230 1417 4284 siste
1428 4230 1627 4298 insimulatione,
1638 4233 1666 4290 in
1680 4233 1733 4288 clio-

114 4311 152 4367 Es
167 4313 282 4370 Sitneon
295 4312 403 4384 [retrone
421 4315 478 4385 ejus
491 4309 623 4368 constitnit
635 4311 754 4366 ducemu
768 4307 885 4365 terminis
938 4303 985 4356 bns
1007 4301 1174 4366 solemnibus,
1198 4307 1222 4356 ει
1242 4302 1352 4372 ceteris,
1372 4302 1464 4373 quibus
1480 4311 1591 4374 operies,
1613 4319 1736 4360 memores

80 4382 146 4456 tyrs·
161 4401 247 4456 usque
260 4384 295 4438 ad
311 4384 375 4452 fines
390 4381 512 4457 AEpypti.
938 4387 1029 4429 eumne
1040 4373 1117 4429 nestri
1133 4373 1159 4428 in
1172 4371 1319 4443 sacrificiis,
1334 4389 1392 4444 arte
1408 4371 1552 4442 offerimus,
1568 4383 1593 4431 ct
1603 4375 1630 4431 in
1648 4377 1736 4432 abscr-

115 4453 152 4511 Ει
161 4457 231 4512 aiil
239 4454 383 4522 lonatlrcts,
395 4463 419 4509 et
430 4455 623 4528 perambulabat
633 4460 706 4508 trans
714 4455 812 4525 flumen
824 4451 887 4506 cini·
936 4443 1171 4515 restaurassent
1185 4446 1225 4515 [as
1238 4451 1286 4514 est,
1302 4452 1326 4500 et
1336 4445 1408 4500 decet
1419 4446 1566 4503 meminisse
1575 4447 1698 4518 fratrum,

77 4535 146 4582 tates
157 4544 168 4582 .·
181 4538 210 4582 ει
221 4534 393 4603 comperpetus
405 4537 442 4582 est
455 4527 489 4583 etl
500 4543 559 4582 eum
570 4527 653 4582 omnis
666 4526 790 4581 ecercitus
802 4521 887 4595 Syria
974 4514 1105 4572 letamur
1117 4517 1204 4600 itaque
1214 4514 1338 4642 deylaria
1352 4525 1445 4574 uentre.
1526 4589 1533 4600 ι
1610 4589 1616 4602 ⁸

75 4598 104 4653 in
118 4599 271 4665 ambirem,
283 4612 308 4655 et
322 4601 389 4656 restit
404 4597 569 4671 mentonem,
583 4609 606 4655 et
620 4595 821 4655 occurreruntei
836 4596 886 4650 lto-
974 4587 1002 4644 N
1005 4605 1033 4644 os
1047 4598 1134 4644 antem
1146 4603 1244 4672 orreum
1263 4587 1372 4643 ederunt
1393 4590 1482 4645 multoe
1499 4587 1688 4673 trtbnlmmnes,
1712 4598 1736 4671 et

75 4671 367 4798 nogfcfficirztag
477 4752 487 4796 t
563 4745 573 4798 t
672 4747 723 4796 m
772 4659 1174 4794 “ieramngnwlfflr'tfolzthct
1187 4669 1403 4732 tmpnpnanernnt
1418 4676 1563 4736 nosrepes,
1576 4677 1621 4732 qut
1639 4667 1737 4716 snutm

226 4757 320 4797 stne
358 4758 453 4798 arom:
531 4759 590 4797 neu
620 4757 669 4797 run
1155 4770 1161 4784 ·

74 4812 185 4871 Gnate:
205 4821 232 4869 et
246 4814 348 4870 obsedit
362 4831 436 4883 oens,
450 4760 476 4870 ed
487 4758 618 4870 obcoecandiet
638 4827 696 4885 qne
709 4755 782 4867 er'abs
796 4810 824 4864 iu
837 4810 888 4866 cir·
978 4802 1006 4858 N
1008 4804 1131 4886 oletimns⁸
1145 4816 1206 4886 erpa
1227 4801 1298 4858 uobis
1320 4801 1421 4860 molesti
1442 4819 1514 4870 esse,
1535 4818 1616 4876 neque
1640 4801 1738 4860 celeris

72 4889 154 4942 cecitas
170 4887 301 4952 ciuitatis,
312 4895 337 4939 et
348 4888 480 4958 predatus
491 4897 529 4942 est
542 4903 582 4942 ea.
940 4874 1029 4942 sociis,
1042 4882 1065 4932 et
1080 4887 1168 4929 amrcts
1183 4875 1278 4930 nostris
1290 4875 1318 4930 iu
1332 4873 1374 4930 lois
1387 4875 1506 4949 praeliis:

112 4958 152 5013 Ee
174 4966 339 5032 repererunt
366 4957 494 5014 Gaeenses
522 4957 670 5024 leuamen,
693 4965 717 5012 et
737 4953 808 5012 dedit
835 4951 889 5008 illis
978 4945 1127 5004 llabnimns
1139 4945 1207 5002 enirn
1220 4947 1252 5008 de
1265 4947 1328 5003 ccelo
1339 4948 1484 5014 ancilium.
1496 4956 1519 5002 et
1533 4945 1737 5003 liberalissimus

71 5031 228 5086 dexteram
239 5045 250 5086 .·
262 5038 288 5084 ει
308 5029 407 5102 accepit
432 5030 502 5100 filios
522 5045 611 5084 rorum
637 5026 749 5094 obsides,
775 5033 798 5081 ει
819 5024 890 5079 misit
942 5032 1006 5081 nas.
1021 5027 1044 5075 tt
1060 5017 1190 5075 bunellinti
1203 5025 1262 5074 snm
1277 5018 1374 5074 inimici
1387 5019 1478 5075 nostri.

73 5103 140 5157 illos
156 5105 190 5157 iu
215 5101 385 5159 Jerusalem:
399 5112 424 5157 ει
447 5101 633 5174 perambulatis
656 5100 786 5174 cepionem
809 5110 891 5168 nsque
979 5087 1114 5165 Elepimns
1126 5091 1211 5176 itaque
1225 5087 1251 5146 Ν
1255 5092 1385 5174 mneninm
1398 5089 1518 5174 drctioclri
1523 5087 1624 5215 dnm
1645 5095 1669 5142 ει
1683 5087 1740 5142 Arr-

71 5172 262 5230 llamescssm.
945 5165 1068 5235 tipmrem
1080 5161 1187 5219 tasone
1202 5161 1296 5232 filium,
1313 5173 1336 5218 et
1349 5175 1465 5216 muamus
1475 5161 1509 5216 ad
1547 5175 1653 5215 emanas
1664 5175 1739 5216 rena-

111 5245 153 5301 Et
170 5245 281 5301 audiuit
293 5241 423 5301 lonatbas
432 5244 502 5318 quod
512 5242 676 5316 prevaricati
686 5250 746 5300 sunt
760 5239 891 5317 principes
945 5249 1006 5290 nare
1021 5251 1079 5292 cnm
1089 5236 1125 5291 eis
1139 5234 1291 5304 amicitiam,
1303 5245 1328 5291 et
1340 5233 1484 5316 societatem
1497 5231 1643 5315 pristinam.

71 5316 223 5375 bernensis·
238 5318 269 5372 in
289 5319 373 5373 (ἆιιει
393 5332 452 5388 oute
472 5315 550 5372 estin
565 5315 690 5385 Galilaea,
705 5330 763 5371 cum
778 5315 893 5368 exercitu
982 5306 1165 5364 Mendanimns
1179 5306 1263 5376 itaque
1277 5305 1325 5374 eis,
1342 5313 1371 5387 m
1384 5308 1486 5387 mutant
1503 5311 1581 5358 etnam
1599 5303 1635 5358 acl
1650 5310 1745 5386 uos.·el

70 5393 179 5458 multo,
197 5389 319 5445 nolermm
333 5403 392 5444 enm
405 5404 533 5444 remouere
542 5404 559 5442 a
568 5390 669 5460 nepotio
679 5402 708 5444 re
725 5387 773 5441 ni:
944 5379 1058 5464 salutent
1071 5393 1116 5434 ιιι
1127 5393 1136 5433 .·
1149 5385 1173 5433 ει
1186 5375 1296 5461 reddum
1309 5375 1378 5432 nobss
1392 5374 1514 5446 epistolae
1528 5385 1632 5432 nostrus
1651 5375 1683 5430 tle
1703 5391 1747 5432 sn·

110 5465 152 5517 Et
169 5461 295 5518 occurrit
309 5460 384 5515 illis:
398 5461 602 5532 [ratiunculam
613 5475 689 5516 sunm
705 5403 838 5516 demonem
847 5469 891 5511 re·
946 5461 1080 5507 uonatmne
1094 5452 1261 5532 {retenemus
1271 5455 1375 5503 nostru.
1542 5519 1548 5533 ι

70 5535 157 5608 emes
167 5536 251 5590 essem
261 5531 429 5605 mensutam,
982 5519 1018 5577 lit
1036 5537 1105 5578 nuuc
1119 5517 1282 5590 benefacselis
1294 5518 1474 5591 respondentes
1490 5518 1561 5576 notu
1576 5520 1610 5574 ad
1625 5519 1690 5576 too.

109 5609 150 5664 Et
165 5602 308 5676 applicuit
321 5604 414 5677 {Aba
452 5601 554 5674 liranis]
571 5603 663 5660 Simon
676 5603 711 5660 att
723 5599 894 5669 Betltsuram,
985 5592 1019 5649 Ec
1044 5594 1091 5648 ltoc
1113 5601 1151 5650 esc
1175 5591 1327 5664 rescriptum
1348 5589 1535 5665 epistolarum,
1557 5590 1626 5663 quod
1645 5591 1750 5648 miserat

71 5689 96 5734 ee
107 5675 297 5754 expuqnabnt
309 5691 366 5732 enm
379 5674 423 5731 dir
443 5693 472 5732 us
487 5675 588 5747 multis,
604 5685 628 5731 ct
644 5675 769 5732 conclusit
781 5688 835 5730 eos.
950 5666 1047 5724 osio:

113 5925 127 5954 ⁸
144 5909 242 5972 Editi
252 5907 297 5966 elii
317 5905 391 5975 libri,
404 5904 478 5976 eiecit
491 5921 549 5977 eos,
563 5913 587 5962 ιι
600 5901 660 5960 inde
674 5901 752 5974 cepit,
767 5907 834 5978 ote,
849 5896 939 5954 minas
955 5909 1029 5956 rere.
