4017 6334
252 314 308 373 eun
757 311 1134 376 sumnonnuuruun
1155 313 1394 376 mmronunus.
1830 327 1874 386 q,

254 441 311 499 uet,
328 441 356 488 et
368 445 419 504 ego
432 430 461 488 in
478 430 629 490 illusioni
645 431 721 488 misit
744 445 789 489 me
801 433 897 490 niueos
918 432 1010 500 Pater,
1027 441 1089 496 etA
1106 432 1185 490 iesus
1198 433 1224 488 iu
1239 433 1381 505 templum,
1395 440 1425 490 et
1435 432 1560 490 ducebat.
1582 432 1875 512 Etmirabantnrludui,
1969 407 1975 416 ⁸

254 543 307 601 ego
325 526 390 584 uiro
406 538 518 600 propter
537 527 645 586 Patrem
659 545 667 584 ι
681 537 711 584 et
729 529 776 600 qui
795 527 941 584 manducat
957 541 1013 593 me,
1024 535 1055 583 et
1104 523 1240 581 diceutes:
1255 522 1399 594 Quomodo
1410 524 1453 581 lric
1466 524 1572 583 litteras
1585 525 1648 592 seit,
1660 540 1719 584 cem
1731 530 1877 591 uendidioo·

255 621 316 693 ipse
337 621 412 678 viret
431 628 544 693 propter
564 637 619 678 me.
639 621 690 678 llic
704 629 749 679 est
765 623 853 692 panis,
876 620 923 691 qui
935 620 971 678 dc
983 620 1055 677 coelu
1105 618 1162 674 riti
1178 617 1327 689 Respondit
1337 615 1377 675 cis
1387 616 1478 687 lesos,
1492 626 1521 675 ct
1534 617 1618 674 dixit:
1633 617 1689 674 ilea
1704 619 1815 678 doctrina
1831 638 1877 682 non

256 716 409 775 descendit.
428 715 489 774 Nou
513 717 585 773 sicut
608 718 846 773 manducaverunt
862 725 954 786 putres
969 713 1055 770 uestri
1105 723 1147 772 est
1162 713 1293 783 mea,sed
1307 711 1424 785 ejusqui
1439 712 1581 770 misitme.
1602 712 1631 771 Si
1649 714 1707 784 quis
1725 714 1880 774 volueritve·
1983 749 1984 794 q

255 825 368 879 manna,
380 822 409 867 et
419 811 521 866 mortni
533 817 608 867 sunt.
621 810 674 878 Qtti
693 810 841 867 manducat
858 809 930 865 bntrc
944 823 1055 881 panem,
1106 808 1236 864 luntstcm
1250 806 1311 879 ejus
1325 805 1437 874 lacere,
1458 815 1607 880 cognoscet
1619 807 1654 864 de
1666 807 1791 880 docuina,
1803 821 1881 869 utrum
1983 855 1984 872 .

256 905 331 960 nivet
340 903 367 960 in
382 912 527 960 aeteruum.
541 903 605 960 llaec
615 903 686 960 dixit
699 904 726 958 in
746 916 881 976 synagoga
902 901 1017 969 docens,
1028 901 1055 957 in
1106 914 1140 956 er
1156 899 1212 956 Deo
1226 897 1273 966 sit,
1289 914 1323 956 au
1338 913 1414 972 egon
1428 900 1533 970 meipso
1545 899 1647 971 loquar.
1663 899 1713 966 Qui
1727 914 1743 956 a
1755 903 1882 974 semetipso
1983 873 1984 966 l

257 994 462 1067 capharnaum.
475 994 551 1050 blulti
564 1008 629 1067 ergo
640 994 783 1050 audientes
790 1009 823 1052 ιι
836 993 977 1065 discipulis
984 992 1056 1064 ejus,
1107 992 1238 1064 loquitur,
1253 991 1368 1064 gloriam
1382 993 1522 1064 propriam
1535 993 1634 1062 querit
1644 1007 1653 1058 ;
1664 992 1711 1064 qui
1723 1003 1805 1052 autem
1818 1011 1881 1068 qua·

257 1090 386 1148 dixerunt
401 1107 407 1145 :
420 1089 512 1145 Purus
531 1099 575 1147 est
588 1089 633 1146 bic
647 1103 750 1159 sermo,
766 1090 870 1161 etquis
884 1095 976 1161 potest
993 1103 1058 1144 eum
1107 1085 1144 1140 rit
1158 1085 1271 1156 gloriam
1287 1085 1358 1156 cius,
1374 1085 1421 1157 qui
1435 1084 1507 1142 misit
1519 1101 1593 1154 enm,
1610 1087 1654 1142 bic
1667 1101 1746 1144 terat
1755 1096 1804 1156 est,
1817 1091 1884 1147 etiu-

257 1185 372 1243 andirei
385 1183 481 1241 Sciens
491 1194 583 1241 autern
594 1183 676 1241 lesus
695 1183 769 1254 apud
786 1183 975 1254 semetipsum,
993 1182 1057 1254 quia
1106 1177 1211 1249 iustitia
1227 1178 1255 1234 in
1268 1179 1315 1235 illo
1329 1194 1384 1236 non
1400 1185 1453 1236 ιιι.
1468 1178 1563 1237 Nonne
1573 1179 1679 1254 lluyses
1688 1181 1759 1238 dedit
1770 1183 1838 1240 tobis
1849 1183 1884 1241 le·

259 1283 465 1334 murmurarent
482 1276 519 1333 de
536 1276 590 1333 boc
607 1275 734 1346 discipuli
755 1275 826 1347 ejus,
840 1273 909 1332 dixit
926 1273 986 1332 eisc
1001 1273 1059 1329 lloc
1108 1285 1170 1343 gem
1183 1288 1189 1328 ι
1211 1283 1239 1328 et
1253 1286 1335 1330 nemo
1348 1288 1382 1330 ex
1399 1273 1475 1332 tobis
1489 1272 1553 1330 lacit
1568 1273 1674 1346 legeml
1689 1275 1756 1340 (inid
1769 1292 1808 1334 me
1820 1293 1884 1348 quo·

256 1384 308 1427 uns
325 1369 515 1427 scandalizati
531 1369 617 1445 [ιιι
640 1369 681 1442 1.]
696 1370 726 1426 Si
738 1383 804 1441 ergo
819 1367 945 1424 videritis
956 1366 1058 1424 Filium
1110 1367 1170 1424 ritis
1192 1367 1369 1426 interlicerel
1388 1368 1540 1439 Respondit
1555 1369 1647 1438 turba,
1660 1380 1687 1426 et
1701 1370 1783 1426 dixit:
1796 1370 1886 1429 barno
1983 1421 1984 1424 ,

260 1463 382 1522 bominis
391 1461 587 1522 ascendentem
598 1463 644 1521 ubi
658 1473 718 1519 erat
732 1464 825 1535 priusi
838 1461 913 1536 inus,
923 1459 965 1534 t]
974 1461 1060 1535 Spiri-
1110 1459 1185 1516 nium
1200 1459 1303 1527 babes,
1327 1461 1389 1532 quis
1406 1469 1433 1518 te
1451 1461 1549 1533 querit
1566 1462 1734 1520 interlicerei
1757 1463 1889 1537 Respondit
1983 1465 1984 1478 ¹

260 1565 328 1615 tus·
341 1566 395 1624 est,
411 1558 459 1630 qui
469 1556 590 1615 titillent
602 1574 609 1612 ι
622 1571 688 1614 coro
703 1571 758 1614 uon
776 1557 889 1628 prodest
898 1557 1058 1630 quidquam.
1110 1552 1201 1621 lesus,
1217 1561 1246 1610 et
1259 1551 1329 1610 dixit
1339 1555 1397 1610 eie:
1419 1553 1509 1612 liuum
1522 1569 1591 1628 opus
1603 1555 1672 1624 ieci,
1687 1566 1812 1614 etonrues
1819 1559 1887 1614 mira-

262 1651 349 1724 [uxrq
363 1649 421 1723 lb]
438 1650 527 1708 Verba
542 1665 605 1722 quc
619 1651 960 1722 egolncntussnmrobis,
975 1652 1060 1726 spiri·
1112 1646 1189 1704 mini.
1200 1647 1346 1719 Propterea
1365 1647 1472 1721 llogses
1483 1648 1557 1706 dedit
1577 1649 1657 1707 robis
1674 1649 1887 1707 circumcisionem
1983 1685 1984 1724 3

261 1749 306 1799 tus
319 1751 348 1799 ct
362 1743 504 1800 vitasunt.
519 1743 572 1802 Sed
587 1753 653 1801 stunt
665 1744 778 1817 quidam
792 1758 825 1802 ex
839 1743 930 1812 uubis,
945 1748 992 1817 qui
1006 1760 1060 1802 nun
1113 1742 1179 1816 (uon
1189 1743 1252 1814 quia
1264 1757 1296 1799 ex
1307 1743 1399 1816 bloyse
1409 1744 1559 1812 est,seden
1570 1744 1714 1815 patribus),
1724 1743 1886 1802 etiutabbato
1983 1751 1984 1762 ¹

260 1835 388 1894 credunt.
401 1834 499 1910 [austu
509 1835 552 1910 R]
565 1836 678 1895 Sciebat
692 1837 767 1895 enim
781 1837 816 1894 ab
827 1837 907 1894 initio
921 1838 1001 1896 letos
1014 1839 1060 1910 qui
1076 1829 1100 1890 tt
1112 1835 1310 1895 circumciditis
1333 1837 1481 1894 bominem.
1509 1834 1539 1894 tt
1558 1837 1788 1895 circumcisionem
1804 1837 1887 1908 accipit

261 1938 357 1988 esseut
372 1931 591 2000 concredentes,
606 1941 635 1988 et
654 1931 716 2003 quis
736 1928 886 1989 traditurus
899 1940 974 1990 esset
984 1947 1059 1990 enm.
1111 1930 1195 1988 bomo
1212 1931 1240 1988 in
1253 1931 1384 2004 sabbato,
1407 1941 1436 1988 ut
1451 1947 1505 1990 non
1520 1934 1642 1991 soluatur
1656 1932 1700 1990 les
1714 1933 1810 2006 lloyti,
1834 1932 1888 1988 nili
1983 1925 1984 2008 j

261 2023 369 2098 [txan
386 2021 444 2094 ιι]
457 2024 491 2079 Et
510 2023 639 2080 dicebat:
654 2024 800 2094 Propterea
817 2024 875 2080 diri
893 2023 983 2091 tobis,
998 2025 1061 2096 quin
1111 2023 1290 2096 indignamini
1304 2025 1366 2098 quia
1382 2033 1468 2082 tntum
1481 2025 1618 2084 bominem
1634 2040 1730 2084 sanum
1742 2023 1789 2082 ieci
1800 2024 1825 2080 in
1835 2023 1888 2080 sab·

262 2129 346 2171 nemo
361 2116 556 2186 potestrenire
566 2115 601 2171 ad
615 2129 670 2185 me,
683 2114 736 2172 nisi
746 2114 828 2173 inerit
841 2114 867 2173 ei
876 2116 970 2174 datum
981 2132 997 2173 a
1008 2116 1061 2174 Pa·
1112 2117 1197 2176 batoi
1211 2117 1301 2176 Nolite
1312 2118 1437 2190 indicere
1447 2119 1596 2176 secuudum
1611 2118 1730 2186 taciem,
1751 2115 1793 2173 scd
1803 2115 1889 2185 justum
1983 2105 1984 2188 ζ

263 2215 306 2264 tre
329 2221 403 2264 meo.
419 2207 460 2264 lix
481 2207 535 2264 boc
549 2207 840 2279 multidiseipuiorum
857 2211 916 2281 eius
935 2211 1063 2269 abierunt
1110 2210 1243 2283 judicium
1254 2209 1386 2282 judicate.
1405 2209 1539 2267 Dicebant
1552 2224 1618 2282 ergo
1631 2208 1782 2282 quidamst
1793 2206 1886 2264 ieroso·
1983 2189 1984 2258 ξ

262 2307 340 2356 retro
356 2317 363 2356 ι
384 2307 412 2358 ιι
423 2299 480 2372 jam
491 2315 548 2356 non
561 2316 623 2358 eum
636 2301 685 2358 illo
704 2301 889 2360 ambulabant.
908 2303 980 2360 bisit
995 2318 1063 2376 ergo
1113 2303 1213 2376 lymis:
1242 2301 1339 2360 Nonne
1352 2303 1396 2360 bic
1416 2314 1476 2374 est,
1503 2317 1583 2375 quem
1598 2312 1726 2375 quaerunt
1739 2299 1889 2358 iuterlleerel

263 2391 345 2451 lesus
368 2394 403 2450 ad
424 2393 570 2452 duodecim
586 2413 594 2452 t
610 2393 745 2468 Numquid
769 2404 799 2453 et
810 2411 859 2454 ros
872 2397 953 2454 uultis
964 2398 1062 2456 abirel
1113 2393 1245 2452 blitecce
1253 2395 1341 2467 palam
1354 2395 1472 2467 loquitur
1485 2414 1492 2454 ι
1503 2405 1532 2452 ιι
1544 2394 1612 2452 nibil
1625 2395 1653 2453 ei
1664 2395 1765 2452 dicunt.
1777 2390 1890 2462 Numquid
1983 2419 1984 2442 r

264 2487 368 2561 [carru
385 2486 424 2560 R]
440 2487 594 2561 Respondit
607 2505 674 2561 ergo
688 2492 712 2546 ei
724 2489 818 2548 Simon
831 2492 951 2549 Petrus:
966 2492 1062 2549 bont·
1114 2505 1178 2547 vere
1199 2498 1387 2562 coguoverunt
1408 2489 1542 2563 principes
1560 2492 1623 2560 quia
1648 2489 1693 2548 bie
1711 2500 1751 2546 est
1763 2484 1889 2544 Christusi

263 2595 310 2653 ne,
326 2581 360 2637 ad
373 2595 454 2653 quern
468 2581 587 2640 ibimusl
606 2581 690 2642 uerba
703 2580 767 2640 ritte
781 2591 894 2640 nteruae
910 2585 1005 2643 babet.
1029 2585 1064 2642 lit
1113 2582 1167 2641 Sed
1181 2582 1254 2640 bunc
1268 2585 1371 2641 scimus
1384 2583 1456 2640 nude
1472 2583 1523 2640 sit:
1535 2584 1662 2640 ciuiuus
1682 2593 1768 2640 autem
1781 2595 1836 2638 cun
1851 2593 1890 2634 re·

262 2690 314 2733 nos
327 2675 508 2745 credidimus,
522 2687 551 2735 et
562 2682 752 2750 coquentium,
777 2677 838 2750 qnia
852 2687 882 2735 tn
895 2693 926 2735 et
938 2679 1064 2738 cbristus
1115 2676 1201 2746 uerit,
1224 2690 1303 2732 nemo
1319 2675 1372 2732 scit
1385 2674 1459 2733 uude
1469 2675 1513 2733 sit.
1526 2676 1631 2749 innunt,
1645 2672 1687 2746 5.]
1697 2671 1891 2740 Clamabatergo

262 2768 285 2826 F
286 2771 305 2828 il
315 2783 349 2826 ιι
363 2769 422 2828 bei.
444 2770 535 2844 [mxu
550 2769 607 2844 tit]
621 2770 773 2844 Respondit
787 2772 830 2829 eis
843 2772 922 2829 iesus
937 2792 945 2828 ι
967 2772 1063 2832 Nouus
1113 2765 1192 2824 lesus
1205 2767 1232 2823 in
1247 2765 1350 2837 templo
1365 2767 1478 2834 docens,
1492 2777 1521 2822 et
1532 2766 1648 2824 diceus:
1669 2769 1702 2822 iit
1713 2781 1754 2822 me
1768 2764 1850 2830 scitis,
1869 2769 1891 2816 et

263 2881 316 2938 ego
330 2881 380 2924 tos
399 2865 542 2925 duodecim
556 2865 648 2939 elegi:
665 2877 693 2924 et
706 2882 742 2924 es
755 2867 834 2924 vobis
848 2882 918 2924 uuus
937 2867 1063 2924 diabolus
1115 2860 1187 2918 unde
1200 2861 1252 2918 sint
1264 2859 1362 2918 scitis:
1379 2869 1406 2917 et
1420 2875 1435 2916 a
1450 2875 1494 2918 me
1508 2861 1567 2932 ipso
1582 2876 1636 2918 nou
1654 2860 1734 2927 reni,
1747 2857 1793 2916 sed
1804 2865 1842 2914 est
1853 2869 1891 2911 ue·

264 2957 329 3016 esti
359 2957 474 3016 Dicebat
504 2967 595 3015 tutem
624 2959 721 3017 iudam
748 2959 867 3018 Simonis
904 2959 1062 3017 iscariotem
1114 2972 1172 3028 rus,
1185 2958 1232 3031 qni
1246 2959 1320 3018 misit
1333 2973 1388 3026 me,
1403 2973 1483 3030 quern
1497 2973 1546 3016 uos
1561 2959 1685 3016 nescitis.
1700 2955 1891 3028 ligoscioeuu:

265 3052 321 3127 [Al.
336 3049 511 3110 Scariotbcm
522 3061 546 3107 et
559 3049 720 3124 Scariotbis]
735 3068 743 3108 :
759 3049 804 3108 bic
818 3051 892 3108 enim
905 3061 965 3108 erat
977 3051 1061 3108 tradi·
1113 3054 1177 3126 qnia
1192 3054 1226 3111 ab
1238 3051 1298 3124 ipso
1310 3067 1385 3122 sum,
1395 3062 1424 3111 et
1436 3054 1493 3126 ipse
1505 3053 1647 3110 meminit.
1665 3052 1775 3126 [txxrrq
1787 3043 1894 3118 ilone-

263 3151 340 3200 ⁸¹¹i¹¹⁸
354 3158 430 3214 111111,
440 3158 503 3201 lum
516 3153 589 3200 esset
599 3159 668 3200 unns
678 3160 712 3200 ex
725 3144 880 3224 duodecim.
1115 3148 1213 3206 rebant
1226 3163 1292 3221 ergo
1305 3164 1367 3206 cunr
1379 3147 1599 3220 apprehendere:
1612 3157 1642 3205 et
1658 3163 1738 3204 nemo
1752 3143 1820 3202 misit
1833 3143 1856 3196 iu
1867 3139 1894 3194 il·

302 3236 377 3312 [Gap.
393 3235 723 3308 bisuntinensem
747 3237 906 3293 ambulabat
928 3236 1008 3295 iesus
1034 3200 1099 3294 inG
1116 3240 1172 3300 lum
1182 3243 1362 3312 manus,quis
1372 3241 1492 3298 nondum
1502 3251 1616 3299 uenerat
1626 3241 1697 3298 bura
1707 3239 1773 3311 eius.
1786 3238 1892 3311 [runnu

265 3330 428 3398 Galilaeam3
445 3331 584 3388 nonenim
601 3331 710 3388 volebat
722 3331 750 3388 in
771 3330 894 3390 Judteam
908 3334 1062 3402 ambulare,
1116 3333 1173 3408 ιι]
1197 3336 1235 3393 lie
1250 3336 1326 3392 turba
1341 3343 1431 3392 autern
1445 3335 1522 3392 multi
1535 3334 1712 3394 crediderunt
1734 3335 1763 3390 in
1780 3345 1855 3395 eum,
1871 3333 1895 3382 ιῑ
1983 3343 1984 3346 ’

264 3424 328 3497 quia
342 3424 500 3496 querebant
522 3439 586 3482 eum
599 3422 687 3482 ludaei
702 3425 868 3484 interlicere.
888 3427 952 3484 Erat
972 3438 1063 3486 antem
1114 3427 1258 3486 dicebant:
1269 3427 1465 3487 Christuicum
1478 3430 1594 3500 uenerit,
1606 3427 1739 3501 numquid
1750 3422 1894 3496 plurasiguo

264 3518 293 3574 in
308 3518 433 3590 proximo
446 3519 506 3577 dies
519 3517 781 3592 lestusjiudaeorum,
794 3521 972 3592 Scenopegia.
982 3520 1063 3578 Dixe-
1115 3521 1196 3580 faciet
1210 3538 1291 3592 quam
1306 3539 1369 3596 que
1384 3523 1428 3581 bic
1445 3522 1533 3580 inciti
1553 3523 1708 3580 Audieruut
1723 3516 1838 3592 pbarisai
1851 3523 1895 3568 tur·

264 3621 328 3670 runt
350 3619 445 3669 autcm
459 3611 494 3668 ad
516 3627 580 3669 eum
604 3611 702 3670 iratres
716 3613 799 3684 eiust
826 3612 923 3670 Transi
947 3613 1021 3680 binc,
1037 3623 1066 3672 et
1115 3617 1178 3675 batu
1194 3628 1411 3676 murmurantem
1423 3618 1458 3675 de
1470 3618 1517 3675 illo
1531 3615 1605 3684 bmc3
1620 3615 1726 3690 [uxum
1741 3609 1778 3684 l.]
1791 3619 1817 3668 et
1828 3607 1896 3666 nrise-
1983 3681 1984 3688 ἵ

267 3705 336 3763 rade
351 3707 379 3762 in
392 3705 526 3777 iudaeam,
543 3714 573 3763 nt
596 3713 627 3762 et
648 3706 773 3777 discipuli
798 3705 838 3764 tui
853 3707 963 3764 uideant
980 3722 1065 3778 opera
1116 3719 1180 3768 runt
1196 3711 1333 3784 principes
1347 3722 1374 3770 et
1388 3711 1516 3783 pharisei
1538 3711 1690 3778 ministros,
1714 3720 1745 3766 ut
1760 3702 1897 3778 apprebeu-
1977 3695 1984 3702 ”

263 3808 323 3870 ιιι,
348 3816 410 3874 qne
435 3800 512 3860 iacis.
540 3801 627 3859 Nemo
654 3801 755 3874 quippe
788 3803 816 3858 iu
854 3803 962 3859 occulto
998 3803 1063 3875 quid
1115 3801 1297 3860 derenteum.
1315 3803 1482 3877 [cxxx,lb.]
1499 3792 1898 3876 biritergoeisiesustlldbttl

264 3891 351 3965 lacit,
377 3901 406 3950 et
425 3895 523 3965 querit
544 3895 643 3968 ipsein
658 3896 748 3966 palam
765 3909 828 3952 esse
842 3912 850 3950 ι
866 3895 889 3952 si
903 3895 963 3952 buc
977 3894 1063 3965 iacis',
1116 3899 1254 3956 modicum
1275 3907 1383 3971 tempus
1402 3899 1543 3956 uobiscum
1562 3913 1641 3954 stiur:
1667 3909 1695 3954 et
1716 3895 1784 3951 tado
1798 3891 1828 3948 nd
1844 3899 1896 3944 eunt

263 3985 410 4049 manifesta
443 3988 561 4059 teipsum
597 3989 711 4046 mundo.
740 3988 834 4061 Neque
862 3990 936 4046 euim
964 3989 1064 4047 iratres
1115 3993 1161 4064 qui
1173 4007 1217 4048 me
1230 3992 1314 4048 misit.
1327 3991 1431 4066 iuram,
1444 3989 1501 4064 ib]
1519 3990 1677 4061 ιὨιιιιιιίι
1691 4005 1746 4057 me,
1759 3997 1787 4046 et
1798 3999 1847 4042 uun
1861 3981 1898 4037 iu·

262 4079 323 4151 eius
346 4080 495 4138 credebant
507 4080 536 4137 iu
551 4095 625 4138 eum.
646 4081 718 4139 llicit
730 4097 797 4156 ergo
816 4082 858 4140 eis
870 4081 968 4143 tosus:
984 4082 1065 4139 Tent-
1116 4085 1251 4144 venietis:
1273 4096 1301 4142 et
1315 4085 1359 4142 ubi
1379 4101 1429 4157 ego
1444 4100 1520 4152 stunt,
1544 4099 1595 4142 ros
1609 4100 1663 4141 non
1683 4080 1793 4156 potestis
1806 4074 1896 4134 uenite·

262 4188 314 4245 pus
328 4187 419 4230 meum
437 4176 560 4230 nondum
574 4175 701 4232 aduenit:
718 4183 824 4247 tempus
839 4183 930 4232 autem
943 4186 1063 4234 uestrum
1116 4179 1251 4238 Riserunt
1267 4195 1333 4252 ergo
1344 4180 1432 4238 ludaei
1449 4180 1482 4236 ad
1497 4179 1664 4252 semetipsos
1676 4195 1683 4234 :
1695 4178 1756 4247 Quo
1770 4171 1898 4230 liniturus

263 4280 375 4338 semper
396 4274 439 4323 est
464 4275 598 4336 paratum.
628 4267 686 4323 Non
711 4276 803 4339 potest
827 4268 942 4326 muudus
974 4265 1065 4326 odisse
1116 4285 1170 4344 est,
1186 4274 1247 4347 quia
1270 4289 1325 4331 uon
1340 4274 1512 4332 inveniemus
1527 4274 1605 4332 euml
1621 4269 1753 4344 numquid
1766 4269 1792 4326 iu
1806 4265 1899 4335 disper·

261 4372 329 4416 ros:
346 4374 390 4416 mc
403 4366 493 4416 ιιιιιι
507 4360 564 4417 odit
575 4359 669 4434 [liunt.
682 4359 769 4433 audit]
781 4378 790 4417 z
803 4363 865 4433 quia
878 4376 929 4433 ego
944 4361 1064 4418 testimo·
1115 4368 1220 4426 sionem
1233 4367 1353 4438 gentiutu
1370 4367 1457 4423 iturus
1468 4375 1521 4433 est,
1536 4375 1564 4422 et
1577 4365 1707 4424 docturus
1721 4359 1829 4436 gentes?
1842 4353 1899 4424 Quis

263 4452 341 4510 nium
356 4452 487 4523 perhibeo
500 4454 535 4510 de
550 4454 614 4522 illu,
638 4454 711 4526 quod
725 4470 807 4527 opera
820 4457 879 4528 eius
898 4456 968 4512 mala
988 4465 1061 4514 sutri.
1116 4471 1158 4520 est
1172 4461 1217 4519 bic
1228 4477 1331 4528 sermo,
1345 4477 1427 4531 quern
1441 4462 1524 4518 dixit:
1545 4461 1681 4531 Quereris
1695 4475 1755 4524 me,
1766 4466 1793 4513 et
1803 4468 1852 4510 unu
1865 4450 1900 4504 in·

264 4544 320 4602 V⁰⁸
332 4545 473 4604 mendi&
483 4546 517 4604 ad
527 4547 600 4605 diem
613 4547 714 4605 fesium
729 4546 817 4618 l¹¹¹¹¹⁰2
838 4558 1063 4621 ί’8011111111111011
1116 4555 1252 4614 venietis:
1275 4565 1303 4613 et
1316 4555 1361 4613 ubi
1377 4569 1436 4610 suun
1452 4570 1513 4627 ego,
1531 4571 1580 4610 uns
1602 4571 1655 4612 unu
1677 4551 1789 4622 potestis
1806 4545 1898 4602 uenire.

262 4639 383 4696 ascendo
400 4639 435 4696 ιι
449 4639 522 4698 diem
540 4638 657 4699 festum:
683 4643 747 4714 quia
768 4657 857 4699 meutn
872 4651 978 4716 tempus
991 4659 1061 4700 non·
1117 4649 1310 4707 innovissimo
1330 4656 1420 4706 autent
1443 4648 1488 4706 die
1507 4663 1607 4722 magun
1627 4645 1798 4711 festivitatis,
1822 4637 1901 4696 stabtl

263 4730 327 4789 duur
337 4731 479 4802 impletum
489 4732 619 4804 est'llaec
631 4748 694 4791 cum
707 4734 830 4802 dixisset,
846 4735 905 4807 ipse
919 4737 1020 4794 mansit
1034 4737 1061 4792 iu
1115 4743 1211 4812 iesus,
1229 4751 1257 4800 et
1270 4741 1420 4810 clamabat,
1437 4742 1550 4800 diceus:
1569 4741 1598 4799 Si
1611 4742 1672 4812 quis
1687 4738 1760 4805 sitit,
1775 4733 1858 4792 neunt
1870 4725 1900 4784 ιι

261 4823 383 4884 Galilaea.
405 4825 541 4883 litantem
553 4827 735 4885 ascenderunt
748 4828 847 4887 iratres
858 4829 934 4902 ejus,
955 4841 1020 4888 tune
1035 4840 1065 4889 et
1115 4851 1171 4906 une,
1185 4843 1214 4892 et
1224 4833 1308 4893 bibat.
1321 4834 1373 4905 Qui
1385 4834 1474 4892 credit
1489 4835 1514 4890 iu
1530 4849 1585 4903 me,
1602 4835 1674 4890 sicut
1684 4827 1899 4897 dicitseriptnn,

219 4964 225 4970 .
260 4920 454 4994 ipseasoeudit
464 4921 689 4979 addiemlestum
701 4937 754 4980 uon
764 4924 918 4994 manifeste,
928 4927 976 4983 sed
986 4927 1063 4999 quasi
1114 4927 1226 4986 flumina
1240 4926 1381 4986 deuentre
1396 4928 1455 4998 ejus
1470 4929 1557 4985 nutent
1572 4929 1742 4999 squeriue.
1756 4921 1900 4978 iiucanten
1983 4927 1984 4942 ι

261 5015 290 5073 iu
305 5016 423 5074 occuito.
437 5013 523 5074 tutet
540 5029 607 5088 crgo
619 5017 778 5088 querebant
791 5033 853 5076 euru
871 5020 898 5076 iu
920 5020 965 5076 dic
979 5020 1061 5090 lesio,
1116 5025 1185 5084 dirit
1197 5025 1231 5082 de
1245 5025 1366 5096 Spiritu,
1380 5039 1462 5095 quem
1478 5023 1616 5095 accepturi
1629 5031 1709 5078 erant
1723 5017 1864 5077 credentes
1877 5009 1900 5063 iu

261 5120 291 5170 et
302 5113 446 5171 dicebant:
457 5112 510 5172 tibi
524 5121 567 5172 est
580 5113 645 5171 illel
657 5111 693 5172 Et
706 5117 953 5173 murmurmultum
965 5118 1061 5176 eratin
1115 5133 1200 5178 eum:
1222 5118 1343 5176 noudum
1359 5118 1431 5174 euim
1443 5122 1503 5177 erat
1514 5115 1631 5187 Spiritus
1647 5113 1746 5178 datus,
1760 5109 1822 5183 quit
1832 5105 1901 5162 leitil

262 5207 342 5265 turba
355 5205 390 5266 de
403 5223 445 5266 eo.
460 5208 576 5279 Quidam
588 5208 660 5267 eninr
671 5209 813 5267 dicebant:
828 5210 895 5278 Quia
907 5211 994 5268 bonos
1006 5221 1063 5278 est,¹
1115 5211 1234 5270 nundum
1253 5220 1314 5268 erat
1330 5208 1507 5284 gloriliratus.
1529 5210 1643 5283 isurun,
1659 5206 1700 5280 7.]
1726 5205 1766 5261 Ex
1785 5202 1828 5259 illa
1843 5209 1900 5267 ergo

260 5299 315 5360 Διὶ
325 5310 415 5358 annm
426 5301 552 5360 dicebaut
563 5320 570 5358 :
582 5302 658 5384 lion,
673 5303 721 5362 ted
736 5303 842 5362 seducit
855 5305 958 5362 turbas.
975 5304 1061 5362 Neruo
1115 5307 1193 5364 turba
1207 5321 1269 5362 curn
1282 5304 1424 5362 audissent
1437 5303 1487 5360 ιιι
1507 5317 1646 5360 sermones
1667 5302 1744 5372 eins,
1768 5295 1899 5354 dicebaut:

261 5403 354 5450 tamen
370 5394 459 5464 palam
474 5396 634 5467 loquebatur
648 5396 682 5455 de
696 5397 759 5467 illo,
773 5407 884 5470 propter
899 5408 1000 5456 metunt
1014 5401 1062 5458 lu·
1115 5400 1164 5456 llic
1179 5408 1221 5456 cst
1235 5411 1300 5456 uere
1315 5398 1461 5470 Propheta.
1482 5396 1535 5456 Rlii
1555 5396 1698 5453 dicebaut:
1715 5395 1765 5450 llic
1778 5399 1818 5448 est
1830 5383 1900 5442 Cbri·

261 5483 394 5544 deornm.
419 5486 479 5544 iam
499 5498 590 5546 autem
603 5489 649 5548 die
669 5489 740 5549 lesto
760 5493 912 5562 mediante,
937 5493 1062 5552 aseendit
1113 5503 1183 5552 stus.
1197 5493 1324 5567 Ιιιιιιι,
1337 5489 1379 5564 7.]
1393 5490 1509 5561 Quidam
1523 5472 1898 5548 autemdiccbaut:llnmqu'td

298 5643 380 5702 ¹Pro
389 5653 426 5700 est
438 5647 522 5702 uerbo
532 5645 587 5731 duo
601 5663 617 5704 e
631 5651 732 5706 uostris
744 5665 811 5707 mss.
825 5651 934 5709 obelum
946 5668 968 5708 -t
982 5698 989 5724 ,
1002 5654 1052 5710 uri-
1107 5667 1156 5725 pro
1169 5651 1387 5738 ecterosolgmis,
1401 5654 1427 5709 iu
1438 5652 1534 5712 Graeco
1545 5655 1631 5719 estis
1641 5661 1692 5710 τῶν
1702 5649 1899 5728 Ἱεροσολυμιτῶν

261 5729 312 5774 ιιι
327 5726 417 5773 tamen
432 5724 519 5784 reete,
541 5725 718 5777 interserunt.
1111 5741 1144 5781 ec
1158 5724 1357 5796 lerosoiqmrtis.

296 5789 311 5828 1
325 5788 494 5845 Particulam
505 5787 550 5858 lit,
564 5788 618 5847 duo
630 5793 758 5849 euustris
767 5809 832 5850 mss.
844 5797 986 5866 ignorant,
1000 5804 1057 5852 ter·
1149 5807 1160 5836 ι
1175 5795 1263 5852 llinus
1279 5806 1353 5853 reete
1367 5796 1393 5852 in
1408 5796 1517 5852 instanti
1531 5795 1634 5853 lrnbout
1646 5794 1756 5866 qnidam
1773 5805 1836 5846 ιιι.
1849 5796 1898 5841 tunt

261 5859 316 5920 tina
331 5859 476 5920 innocuus
491 5858 618 5920 secunde
632 5862 706 5920 euris
725 5866 864 5938 expungit.
878 5867 964 5925 Paulo
978 5879 1055 5936 arrte,
1112 5869 1169 5938 tuo,
1182 5881 1245 5926 curn
1258 5870 1340 5940 paulo
1353 5875 1423 5941 post,
1440 5867 1573 5942 Quuutts,
1589 5884 1638 5942 pro
1652 5865 1791 5935 Reontio·
