4017 6334
221 355 275 419 titt
718 354 748 416 Β.
769 346 1100 418 dteaunltttntlttit
1119 343 1358 410 btuttotieut.
1819 345 1869 408 ιιι

220 473 256 528 de
270 469 413 544 pluribus:
429 483 479 526 cur
489 484 543 529 non
557 469 591 532 ad
612 472 736 530 Graecam
762 473 896 546 originem
923 483 1019 527 rever·
1033 473 1057 534 Α
1072 464 1227 536 Evangelia,
1240 475 1355 535 quornm
1370 457 1439 519 ordo
1452 465 1496 518 est
1511 456 1561 514 istc
1574 495 1582 522 .
1597 451 1784 525 οιιιιιιιιιι,
1801 457 1871 513 llar-

222 571 324 630 teutes,
335 577 368 618 ea
380 577 442 635 quae
452 563 496 619 vel
506 579 521 618 u
533 563 921 637 uitiosisinterpretibusmale
933 562 1020 629 edita,
1072 574 1131 626 cus,
1148 559 1246 622 Lucas,
1260 555 1391 622 loannes,
1408 553 1533 610 codicum
1549 551 1707 610 Graecorum
1726 549 1871 607 emendata

221 658 265 715 vel
278 672 294 714 ιι
308 657 555 729 praesumptoribus
575 658 711 730 imperitis
737 657 882 715 emendata
906 669 1020 728 perver—
1072 649 1231 718 collatione,
1245 648 1293 704 scd
1310 647 1450 704 Veterum.
1466 644 1577 715 Quane
1591 644 1705 701 multant
1717 658 1732 699 a
1744 640 1872 700 lectionis

221 752 291 821 sins,
306 751 351 809 nel
366 765 381 807 a
396 751 517 808 librariis
533 750 749 809 dormitantibus
761 750 853 808 addita
868 757 954 817 sunt,
974 757 1023 804 ant
1073 743 1176 800 Latinae
1190 739 1388 799 consuetudine
1398 739 1599 812 discreparent,
1610 736 1621 777 f
1634 737 1671 795 ita
1681 737 1789 794 calamo
1804 743 1872 792 tem-

221 854 339 915 mutata,
354 844 538 919 corrigimus?
548 843 643 918 Neque
653 861 719 903 vero
734 860 786 918 ego
801 845 836 902 de
856 839 943 899 veteri
965 840 1023 897 dis·
1072 836 1243 910 petavianus,
1254 849 1284 892 ut
1299 833 1342 893 bis
1358 843 1461 890 larrium
1485 847 1546 905 qnae
1559 846 1683 910 ¹sensum
1709 829 1873 886 videbantur

220 948 288 1011 puto
302 938 491 1007 Testamenta,
501 938 576 1012 qnod
596 954 611 996 a
625 937 805 1010 Septuaginta
824 933 979 992 senioribus
995 931 1021 988 in
1075 940 1191 997 nnutare,
1205 928 1349 996 correctis,
1362 927 1467 998 reliqua
1484 939 1595 984 manere
1604 933 1758 997 pateremur
1766 930 1798 978 ut
1811 921 1873 978 ine·

220 1033 346 1092 Graecam
359 1032 479 1108 linquam
494 1049 624 1102 versum,
653 1035 735 1091 tertio
761 1043 775 1071 ⁸
801 1031 887 1106 gradu
914 1031 948 1088 ad
972 1045 1024 1086 nos
1075 1033 1146 1080 rant.
1162 1022 1426 1095 canonesquoque,
1447 1033 1518 1092 quos
1538 1018 1675 1076 Eusebius
1695 1014 1874 1074 cesariensis

221 1140 309 1199 usqne
320 1126 458 1198 pervenit.
474 1125 534 1182 lion
548 1141 642 1199 quaro
655 1126 721 1198 quid
735 1125 846 1198 Aquila,
862 1121 928 1197 qnid
944 1121 1024 1197 Sym·
1075 1117 1220 1190 episcopus
1234 1114 1451 1173 Alexandrinum
1467 1121 1580 1170 secutus
1590 1109 1777 1178 Ammonium,
1787 1109 1815 1166 in
1826 1108 1875 1167 de·

220 1220 334 1279 machus
346 1220 473 1294 sapiant,
492 1235 578 1292 qnare
596 1219 770 1277 Theodotion
796 1219 869 1275 inter
886 1231 973 1276 novos
996 1225 1025 1274 et
1075 1225 1135 1268 cem
1149 1224 1281 1267 numeros
1301 1207 1452 1276 ordinauit,
1471 1208 1543 1264 sicut
1563 1207 1590 1263 in
1605 1205 1704 1264 Gracco
1727 1203 1873 1272 habentur,

220 1326 332 1373 veteres
345 1313 453 1372 medius
467 1313 586 1371 incedat.
608 1313 650 1372 Sit
665 1313 710 1369 illa
727 1327 793 1370 vera
816 1309 1023 1383 interpretatio,
1076 1302 1358 1376 expressimusqnod
1371 1303 1395 1358 si
1409 1301 1472 1374 quis
1480 1301 1515 1358 de
1524 1301 1640 1359 curiosis
1651 1300 1769 1357 voluerit
1779 1313 1874 1371 nosse,

218 1424 301 1481 qnam
316 1407 442 1480 Apostoli
462 1409 658 1480 probaverunt.
681 1408 720 1466 [te
740 1421 814 1464 novo
835 1421 909 1463 nune
926 1407 1025 1477 loquor
1076 1413 1137 1470 quas
1152 1396 1180 1453 in
1195 1395 1365 1468 Euangelus,
1381 1394 1427 1451 vei
1441 1395 1537 1452 eadem
1550 1436 1558 1464 ,
1572 1393 1617 1452 vel
1631 1393 1736 1464 vicina,
1756 1392 1802 1451 ιιι
1814 1392 1874 1450 sola

221 1502 403 1560 Testameuto
418 1518 426 1557 ι
443 1500 515 1573 qnod
529 1501 655 1558 Gnaeum
669 1516 733 1558 esse
747 1517 803 1557 nnn
826 1499 938 1556 dubium
958 1508 1024 1568 est,
1077 1493 1143 1557 sint,
1153 1506 1248 1548 eornm
1260 1489 1435 1548 distinctione
1445 1495 1601 1562 cognoscat.
1613 1489 1725 1561 lluqnns
1739 1487 1876 1560 siquidem

221 1602 338 1667 excepto
352 1593 478 1666 apostolo
492 1592 506 1632 l
520 1593 667 1660 llattltaeo,
691 1593 738 1664 qui
761 1594 867 1665 primus
887 1594 915 1650 in
930 1592 1024 1650 iudaea
1078 1586 1123 1642 nic
1137 1585 1165 1641 in
1177 1585 1280 1641 nostris
1293 1582 1435 1641 codicibus
1446 1597 1525 1640 error
1538 1582 1669 1652 inolevit,
1687 1581 1751 1638 dum
1765 1580 1838 1654 qnod
1849 1581 1876 1638 in

223 1689 405 1761 Euangelium
431 1686 535 1743 Christi
562 1686 704 1743 llebraicis
719 1685 818 1743 litteris
842 1685 938 1743 edidit.
967 1685 1026 1742 linc
1078 1679 1173 1736 endem
1192 1694 1222 1736 re
1237 1677 1308 1735 alins
1322 1677 1495 1750 Evangelista
1517 1677 1578 1750 plus
1600 1675 1728 1744 disit‚in
1742 1677 1799 1733 alio
1811 1674 1876 1748 qnia

224 1791 300 1840 certe
313 1796 375 1838 cum
388 1782 416 1838 in
434 1792 529 1838 nostro
544 1795 673 1837 sermone
687 1779 844 1846 discordat,
859 1790 870 1819 ⁰
884 1789 913 1836 et
931 1777 1024 1835 diver·
1079 1775 1169 1832 minus
1182 1775 1348 1849 putaverint,
1362 1783 1375 1823 ι
1389 1772 1563 1830 addiderunt.
1587 1771 1636 1829 Vel
1656 1771 1720 1828 dum
1744 1771 1874 1830 eumdem

222 1891 269 1934 sos
281 1874 434 1932 rivulorum
447 1874 570 1930 tramites
585 1872 677 1930 ducit:
690 1889 745 1929 uno
759 1874 794 1930 de
809 1873 883 1929 lonrte
897 1887 1023 1944 quercu·
1039 1878 1065 1940 B
1079 1885 1189 1928 sensum
1205 1870 1276 1928 alins
1286 1871 1368 1926 aliter
1382 1869 1537 1942 expressit,
1555 1867 1603 1925 ille
1614 1868 1660 1940 qni
1673 1883 1756 1924 unum
1773 1882 1791 1924 e
1808 1883 1877 1940 quta·

221 1969 286 2027 dum
302 1936 552 2038 estsl’raetermitto
567 1980 615 2022 cos
628 1964 758 2035 codices,
778 1979 878 2037 quosa
899 1963 1023 2021 Lucieno
1077 1977 1138 2023 tuor
1158 1967 1276 2044 primum
1292 1965 1416 2037 legerat,
1439 1964 1473 2020 ιιι
1500 1964 1560 2036 ejus
1582 1964 1737 2034 exemplum
1760 1971 1878 2020 ιιιιιιι

222 2073 248 2121 ιι
264 2055 428 2134 iicsyciniod
445 2068 628 2131 rtnrtunpatos,
648 2073 796 2130 pancorum
815 2057 955 2116 bominum
975 2073 1021 2114 as·
1076 2076 1186 2134 quoqne
1200 2061 1379 2119 aestimaverit
1390 2059 1589 2118 emendandos.
1607 2057 1687 2117 Unde
1709 2059 1826 2126 accidit,
1849 2066 1878 2114 ut

219 2158 288 2216 scrit
303 2171 435 2230 perversa
448 2155 589 2214 contentio
605 2169 613 2208 ι
628 2153 729 2225 quibus
742 2152 836 2226 ntique
852 2167 904 2210 nec
922 2153 950 2208 in
971 2167 1021 2210 ve·
1075 2155 1146 2226 apud
1159 2170 1212 2213 nox
1226 2157 1309 2213 mixta
1322 2156 1378 2212 sint
1393 2156 1494 2218 omnia.
1509 2163 1536 2212 et
1546 2155 1574 2212 in
1590 2154 1681 2212 llarco
1696 2152 1773 2225 plura
1787 2151 1872 2210 Luca

217 2252 269 2309 teri
283 2250 471 2308 iustrumento
486 2256 550 2321 post
559 2248 737 2322 Septuaginta
749 2248 917 2321 interpretes
927 2262 1023 2306 emcn-
1075 2256 1159 2321 atque
1171 2249 1293 2308 ιιιιιιιιιι
1310 2264 1442 2306 :rursum
1461 2249 1488 2306 in
1513 2247 1643 2305 llattbmo
1658 2247 1736 2318 plura
1760 2245 1878 2304 ioannis

220 2345 288 2402 dare
303 2343 369 2416 quid
381 2344 469 2412 licuit,
488 2358 541 2400 nec
563 2343 590 2399 in
612 2341 691 2399 Novo
713 2341 814 2413 proluit
838 2340 1020 2400 emendasse:
1074 2350 1104 2399 et
1116 2344 1211 2414 blanci,
1224 2353 1252 2400 et
1266 2345 1294 2400 in
1308 2343 1419 2400 caeteris
1430 2343 1600 2415 reliquorum
1618 2357 1679 2415 que
1690 2341 1753 2400 aliis
1766 2342 1878 2414 propria

220 2457 284 2499 cum
294 2438 569 2512 multarumqeutium
581 2439 681 2512 linquis
693 2437 836 2509 Scriptura
850 2445 915 2494 ante
930 2447 1020 2494 trans·
1075 2447 1150 2504 stunt,
1164 2438 1350 2494 investiantur.
1363 2435 1432 2494 Cum
1446 2436 1537 2509 itaque
1551 2434 1678 2493 Cunnnes
1699 2434 1815 2506 legeris,
1831 2435 1878 2506 qui

221 2535 286 2602 lata,
307 2535 407 2592 doceat
421 2533 487 2591 laisa
499 2547 563 2590 esse
577 2547 639 2605 quae
652 2531 744 2588 addita
763 2525 938 2604 suntjlgitrrr
962 2531 1021 2586 luae
1073 2529 1192 2603 subiecti
1206 2541 1282 2602 sunt,
1296 2531 1465 2589 confusionis
1477 2544 1572 2587 errore
1587 2528 1715 2595 sublato,
1731 2535 1760 2585 et
1773 2527 1877 2584 similia

223 2643 347 2700 presens
372 2626 583 2700 praefatiuncula
605 2625 751 2699 pollicetur
770 2632 889 2698 quatuor
914 2634 1018 2680 tantum
1073 2625 1195 2683 omnium
1212 2627 1301 2698 scies,
1315 2635 1344 2683 et
1358 2625 1473 2698 singulis
1485 2637 1534 2681 sua
1549 2637 1666 2697 quaque
1685 2621 1825 2680 restitues.
1847 2619 1877 2678 ln

222 2811 371 2868 etiamnum
383 2808 550 2866 Veronensis
564 2807 696 2865 Ecclesia
707 2805 875 2864 bibliotheca
890 2824 898 2862 ι
914 2821 1020 2878 nosque
1071 2821 1114 2874 ce,
1128 2822 1182 2864 non
1199 2807 1266 2865 lleb.
1280 2809 1340 2864 sine
1355 2807 1469 2882 Syrisce
1494 2805 1672 2881 Evangelium
1687 2806 1872 2865 contendunt.

225 2884 292 2940 illud
306 2892 369 2939 ante
383 2896 470 2938 annos
484 2882 569 2937 lcrme
583 2880 679 2936 decem
695 2879 872 2950 perlegimus,
887 2887 970 2950 atque
984 2895 1018 2936 ex
1071 2878 1107 2935 Ut
1120 2895 1186 2936 vcro
1198 2895 1260 2951 quas
1281 2880 1309 2937 in
1328 2895 1388 2936 cam
1409 2896 1466 2937 rem
1492 2880 1560 2936 alias
1580 2880 1769 2952 congessimus
1795 2895 1877 2952 arqu-

223 2970 256 3011 eo
268 2964 396 3025 excerpta
406 2952 542 3024 quaedam,
554 2967 615 3024 qnae
625 2949 737 3019 majoris
751 2952 882 3007 momenti
890 2951 1019 3007 rideban-
1072 2961 1174 3021 menta,
1192 2951 1237 3007 bic
1248 2961 1444 3020 praterenmus
1459 2967 1466 3006 t
1485 2950 1552 3009 illud
1566 2961 1685 3008 estanne
1700 2951 1727 3006 in
1743 2950 1795 3008 lnac
1812 2967 1878 3009 sen·

226 3035 279 3098 tur,
295 3024 428 3083 eumalio
447 3024 637 3094 antiquissimo
660 3021 842 3078 bercellensis
865 3023 1017 3091 Ecclesiae,
1074 3025 1157 3080 tentia
1172 3038 1303 3094 perquam
1320 3023 1494 3082 commodum
1510 3067 1518 3092 ,
1541 3023 1614 3096 quod
1641 3023 1680 3078 uti
1705 3023 1876 3094 reliquorum

223 3098 258 3155 ad
277 3113 358 3168 quam
373 3110 407 3152 ea
425 3096 508 3151 etiarn
529 3094 564 3150 de
582 3108 664 3150 causa
688 3093 908 3160 diverteramus,
924 3094 1020 3149 scdulo
1073 3095 1330 3166 Evangelistnrnm,
1348 3095 1575 3167 scriptorumque
1598 3095 1660 3151 novi
1681 3092 1876 3163 Testamenti,

223 3168 452 3241 comparavimus.
466 3167 500 3223 lit
511 3179 676 3236 quamquam
686 3165 800 3221 mutilus
811 3174 925 3236 uterquc
937 3166 973 3221 sit
985 3166 1018 3221 li·
1073 3166 1109 3221 ita
1122 3176 1151 3222 et
1163 3165 1281 3222 ιιιιιιιιιι
1296 3167 1385 3232 insum
1400 3167 1577 3239 Evangelinm
1593 3167 1737 3224 silentiario
1750 3167 1878 3224 creditur

225 3243 285 3307 ber,
299 3241 425 3311 maleque
444 3239 576 3309 temporis
591 3237 698 3308 injuriis
719 3235 855 3304 affectus,
882 3237 1019 3307 precipue
1034 3218 1057 3283 C
1073 3252 1218 3311 superesse
1233 3253 1264 3294 ea
1280 3238 1381 3310 lingna,
1397 3250 1479 3311 atque
1493 3239 1526 3295 iis
1538 3239 1638 3311 quibus
1649 3247 1791 3294 exaratum
1807 3248 1852 3294 est
1867 3285 1874 3308 ,

225 3323 317 3368 antem
333 3309 510 3376 Veronensis,
523 3309 550 3364 in
562 3322 724 3378 quoeurum
739 3307 832 3372 etiann,
849 3324 910 3380 qnae
921 3324 1019 3378 super·
1070 3309 1582 3382 litteris;econtrarioquioppositam
1608 3309 1767 3380 opinionem
1795 3319 1878 3367 tuen-

225 3393 299 3450 sunt,
315 3397 405 3439 erese
419 3381 562 3437 niaximum
575 3388 692 3450 partem,
706 3387 790 3450 atque
803 3380 933 3436 exsoletos
952 3395 1018 3436 ocu·
1071 3389 1126 3450 tur,
1140 3383 1192 3437 alia
1208 3396 1238 3439 se
1253 3381 1380 3449 debeant,
1394 3397 1481 3452 eaque
1495 3381 1654 3438 obscuriore
1681 3395 1714 3437 ac
1741 3379 1877 3439 tralaticia

225 3454 314 3510 lorum
329 3453 415 3510 aciem
429 3451 647 3524 eiiuqiuntssepe
664 3450 765 3507 litteras
787 3469 794 3505 ι
818 3454 903 3508 certis
926 3461 1016 3509 tannen
1070 3455 1222 3520 ‹questione
1238 3454 1368 3523 expedire
1396 3453 1628 3525 (quandoquidem
1654 3451 1796 3524 originalis
1821 3452 1879 3511 ιιι-

223 3524 341 3594 ιιιιιιιιιι,
354 3539 415 3597 quae
428 3533 457 3581 et
470 3539 531 3579 curn
547 3539 593 3579 res
607 3523 686 3591 ieret,
702 3522 971 3592 repraesentabimus,
981 3539 1017 3579 ex
1071 3525 1178 3581 braicos
1190 3533 1283 3581 textus
1291 3524 1398 3595 iamdiu
1410 3527 1476 3582 olim
1488 3523 1641 3594 intercidit)
1653 3523 1762 3580 cuinam
1777 3523 1880 3581 Graeca

225 3612 258 3654 ea
270 3597 416 3654 collatione
431 3596 642 3662 internovimus,
658 3609 752 3651 vestrm
770 3595 822 3650 lton
839 3609 922 3655 esse.
944 3595 1017 3667 quod
1071 3595 1216 3653 tribuenda
1232 3597 1268 3653 sit
1282 3597 1388 3653 versio?
1402 3596 1501 3668 Papias
1528 3597 1601 3652 euim
1626 3595 1697 3665 apud
1723 3595 1880 3654 Eusebium

223 3669 269 3725 bic
278 3668 308 3727 S.
323 3666 403 3725 Pater
416 3675 543 3735 testatur,
552 3666 606 3722 Tot
615 3665 681 3721 olitn
695 3665 781 3723 inisse
793 3667 895 3722 Latinum
906 3666 1018 3722 llcrsio·
1070 3668 1139 3725 lltst.
1156 3669 1230 3725 Eccl.
1243 3668 1290 3725 lib.
1302 3683 1341 3738 ιιι,
1352 3683 1377 3724 ι.
1393 3669 1439 3732 59.
1456 3667 1745 3733 desidiosissimum,
1761 3678 1789 3723 ιι
1801 3670 1883 3738 quis·

223 3741 266 3796 nis
279 3738 446 3811 exemplaria
459 3753 528 3808 pene
541 3749 607 3810 quot
620 3737 745 3794 codices.
757 3737 824 3792 Nam
837 3753 899 3793 curn
921 3739 1017 3795 lliero-
1068 3757 1117 3812 qne
1129 3740 1219 3807 uoluit,
1237 3755 1287 3809 pro
1300 3755 1346 3796 sua
1368 3740 1522 3797 eruditione
1536 3749 1619 3813 atque
1632 3755 1682 3795 usu
1695 3739 1791 3796 Graece
1806 3739 1881 3798 iilud

223 3811 378 3885 nymianant
391 3810 611 3866 emendationem
625 3817 702 3865 certo
715 3812 816 3866 certios
832 3819 1016 3878 antevertant,
1069 3814 1249 3879 conuertisse,
1262 3821 1357 3868 auctor
1371 3821 1422 3869 est.
1440 3811 1475 3868 Et
1488 3813 1534 3882 qui
1550 3820 1629 3868 certo
1642 3811 1761 3883 cuipiam
1788 3813 1883 3868 inster-

222 3896 305 3955 atqne
315 3883 385 3940 adeo
393 3883 570 3939 vetustiorem
585 3880 744 3938 tersionem
761 3881 925 3955 punierunt,
950 3884 1018 3939 locis
1070 3881 1139 3956 proti
1153 3898 1214 3939 eam
1227 3898 1338 3952 operam
1354 3885 1512 3946 ascribunt,
1528 3882 1626 3939 mirum
1642 3891 1772 3955 quantum
1797 3883 1880 3940 inter

223 3962 314 4010 tamen
330 3953 400 4010 lnaud
414 3969 481 4010 sane
495 3953 590 4024 paucis
600 3954 635 4008 ita
645 3953 820 4014 dissentiunt.
831 3961 862 4008 nt
873 3953 908 4009 ab
919 3954 1017 4011 eodem
1069 3969 1099 4011 ss
1114 3953 1289 4011 dissentiant.
1303 3955 1372 4012 Sunt
1383 3953 1433 4026 qui
1445 3954 1549 4012 lacobo
1576 3956 1663 4025 primo
1686 3953 1884 4026 ierosolymo-

224 4025 322 4083 Latino
336 4024 499 4096 exemplari,
511 4023 584 4096 quod
599 4023 671 4095 apud
685 4039 781 4081 omnes
792 4023 948 4096 obtineret,
970 4040 1017 4082 ac·
1070 4041 1129 4081 rnm
1144 4026 1292 4095 Episcopo,
1309 4035 1373 4083 sunt
1387 4039 1413 4084 et
1427 4027 1473 4100 qni
1495 4026 1592 4085 ioanni
1620 4025 1769 4097 apostolo.
1783 4028 1877 4098 etqui

224 4105 303 4168 cepta
313 4097 427 4153 minime
439 4094 526 4151 videri
541 4097 657 4166 possint.
680 4094 754 4152 idem
773 4112 807 4152 ex
820 4111 852 4151 ea
873 4094 1018 4154 didicimus
1068 4097 1201 4154 Barnabae
1216 4098 1423 4155 translationem
1439 4115 1499 4154 eam
1514 4109 1638 4155 asserant
1663 4117 1670 4153 ι
1696 4096 1744 4152 ιιιι
1760 4097 1877 4171 Paulo,

223 4167 345 4225 editione
357 4166 497 4239 Evangelii
512 4168 661 4224 secundum
675 4167 842 4231 linttlnmnm,
854 4183 936 4237 quam
953 4169 1018 4224 llnl-
1068 4178 1118 4225 ιιι
1131 4168 1223 4236 Luca,
1235 4168 1353 4240 denique
1369 4173 1455 4242 ipsunt
1478 4171 1633 4227 llattlnaenm
1658 4170 1759 4226 suimet
1782 4168 1881 4227 Evan-

222 4246 313 4311 getam
328 4241 465 4304 antiquam
486 4238 612 4294 latinam
633 4247 662 4295 et
680 4236 774 4293 italam
801 4238 959 4310 inscripsit,
985 4255 1018 4297 ac
1068 4241 1131 4310 gelli
1143 4239 1268 4298 Graecum
1284 4242 1464 4314 interpretem
1479 4244 1639 4308 exstitisse,
1669 4241 1716 4297 alii
1746 4240 1876 4300 tradunt.

223 4311 354 4394 singulari
366 4308 460 4366 libello
470 4309 574 4380 primus
587 4309 726 4366 veteribus
740 4325 808 4366 mss.
826 4310 927 4379 publici
945 4311 1018 4382 juris
1068 4311 1140 4367 Nihil
1151 4325 1257 4369 certum
1272 4313 1345 4386 quod
1359 4313 1495 4385 sequaris,
1512 4313 1626 4369 intanta
1639 4312 1801 4385 opinionum
1818 4328 1874 4370 ua-

225 4380 292 4438 lectt
302 4380 486 4448 liartianens,
501 4391 530 4436 et
543 4394 624 4453 qnam
639 4395 693 4436 nnn
709 4381 797 4437 solum
810 4381 854 4448 ιιι
864 4382 926 4437 aliis
945 4383 1017 4453 apud
1068 4384 1177 4451 rietate,
1190 4384 1285 4442 babes.

224 4451 350 4509 eumdem
365 4451 484 4523 antiquis
498 4450 576 4507 libris
587 4454 782 4525 sepesapins,
795 4452 844 4510 sed
859 4465 913 4510 eta
927 4453 1016 4512 liero-
1107 4467 1118 4495 ι
1139 4455 1178 4512 ιιι
1200 4471 1266 4513 mss.
1286 4471 1383 4514 omnes
1402 4457 1573 4530 antiquiores
1591 4469 1623 4513 ac
1640 4455 1762 4514 rntclioris
1786 4467 1879 4515 notae.

226 4525 304 4581 nenei
317 4521 488 4594 bocnostro,
503 4526 655 4596 atqueipso
668 4523 835 4581 vercellensi
859 4525 887 4581 in
906 4526 1016 4582 diversa
1067 4525 1180 4599 Aliquot
1202 4529 1369 4585 recentiores
1392 4543 1454 4584 curn
1480 4527 1562 4586 editis
1576 4529 1691 4600 legunt,
1710 4530 1739 4582 in
1753 4528 1879 4587 diversos

224 4596 318 4661 abire,
333 4595 433 4666 passim
451 4595 705 4652 animadvertimus.
729 4595 868 4653 Laudatur
894 4604 923 4654 et
947 4600 1019 4655 anti·
1031 4611 1059 4674 Ι)
1069 4599 1215 4656 munierunt
1230 4602 1366 4656 tramites:
1381 4602 1424 4656 uel
1437 4600 1472 4656 od
1485 4601 1616 4668 diuersos,
1633 4610 1688 4658 etc.
1705 4599 1795 4656 ιιιιιι.

223 4667 371 4736 unissimus
385 4665 466 4723 Bene
478 4681 531 4750 ms.
543 4675 571 4723 et
585 4667 656 4724 alter
665 4667 766 4738 lteqins
779 4667 867 4726 Paris.
893 4669 935 4726 vel
957 4671 1019 4726 Cla·
1106 4669 1120 4708 ‘¹
1136 4671 1199 4729 Ιιιιι
1212 4687 1294 4756 porro
1308 4680 1372 4728 stunt
1386 4687 1445 4743 qne
1459 4670 1616 4797 apocrysslna
1629 4680 1813 4736 antonianae
1828 4689 1882 4730 rc·

224 4747 414 4806 romontanus,
430 4738 556 4809 eqnnons
569 4738 665 4796 Versio
680 4739 725 4794 illa
746 4739 883 4810 antiquior
898 4741 1020 4798 creditur
1068 4741 1199 4812 jicinntnr
1214 4761 1241 4800 tn
1257 4742 1404 4802 Gelasiano
1419 4745 1545 4810 decreto,
1588 4742 1705 4818 oonqeiio
1718 4759 1777 4813 quc
1787 4744 1881 4815 ιιιια-

226 4811 333 4868 restitni
347 4823 448 4878 nosse:
488 4809 532 4867 nin
553 4810 638 4867 etiam
660 4811 763 4868 scimus
790 4811 926 4884 ejursmodi
948 4814 1018 4871 alios
1071 4815 1106 4868 nit
1120 4814 1263 4872 Lucienus.
1278 4813 1421 4888 Eunnqctio
1434 4831 1492 4886 qne
1515 4814 1619 4887 solennia
1646 4813 1805 4888 Hesychius.
1820 4815 1879 4872 Vi-

223 4896 289 4940 nnss.
302 4883 332 4939 ιιι
350 4881 437 4941 italie
450 4880 480 4936 bi
500 4881 625 4938 liotlnecis
639 4896 804 4953 superesse,
831 4899 902 4955 quos
926 4894 1017 4943 tamen
1070 4885 1143 4942 desis
1164 4887 1325 4944 llusserinm
1356 4889 1535 4962 syntagmata
1562 4887 1597 4944 de
1620 4885 1694 4943 Elill
1721 4885 1878 4959 interpret.

221 4954 309 5011 oculis
321 4967 455 5025 usurpare
466 4952 545 5009 nobis
559 4952 631 5036 baud
645 4954 771 5026 contigit.
796 4956 836 5011 Ac
861 4957 1018 5028 precedere
1070 4972 1132 5029 cap.
1145 4958 1172 5014 l.

220 5024 331 5096 quidem
356 5041 405 5083 eos
428 5025 668 5097 liicronymtanam
687 5025 927 5098 emendationem,
950 5027 1017 5084 nilnil
1107 5029 1211 5086 ιἰιιιι
1226 5046 1324 5103 nempe
1335 5031 1400 5087 olim
1415 5031 1484 5088 ordo
1500 5038 1559 5088 erat
1573 5027 1672 5087 nedum
1693 5027 1721 5086 in
1744 5029 1881 5103 Graccis,

220 5097 326 5163 dubito,
337 5096 455 5156 describi
468 5106 559 5154 autem
571 5097 691 5167 proprie,
703 5111 735 5152 ac
744 5106 820 5154 certo
831 5113 911 5168 posse
921 5115 956 5155 ex
969 5115 1018 5157 eo·
1070 5099 1117 5156 sed
1131 5109 1158 5157 ιι
1171 5101 1277 5158 Latinis
1291 5101 1444 5161 codicibus.
1457 5101 1486 5158 ln
1500 5114 1595 5159 nostro
1608 5103 1691 5158 etiarn
1706 5101 1878 5174 Veronensi,

222 5184 281 5223 rum
295 5168 396 5241 aliquo,
408 5184 444 5226 ne
459 5167 608 5224 Veronensi
620 5168 728 5239 quidem
739 5179 866 5239 excepto.
877 5185 937 5226 eam
947 5171 1016 5238 lier-
1069 5186 1149 5243 quem
1164 5173 1246 5230 modo
1260 5175 1443 5240 laudavimus,
1460 5175 1589 5231 llattltaeo
1602 5173 1721 5230 loannes
1733 5175 1879 5244 succedit,

223 5239 858 5312 sionem,queltaladictaestdngustino,sen
875 5241 1017 5313 llnlgatam
1069 5259 1124 5301 non
1145 5243 1250 5312 Lucas,
1276 5247 1348 5318 qtmd
1376 5246 1488 5304 Gnaeus
1508 5261 1644 5304 nonnemo
1673 5246 1700 5301 in
1715 5247 1881 5306 vernaculis

221 5319 364 5377 veterem,
393 5327 454 5381 que
478 5327 531 5366 una
555 5311 687 5369 Ecclesiis
711 5310 868 5369 batulorum
890 5315 1019 5372 omnibns
1069 5316 1276 5387 exemplaribus
1302 5316 1403 5375 iactum
1431 5317 1500 5374 dixit
1522 5319 1552 5373 in
1577 5317 1782 5374 similitudinem
1805 5316 1883 5377 boni

221 5393 322 5452 presto
335 5381 429 5451 luerit,
442 5380 487 5439 ιιι
503 5383 625 5449 credam,
639 5394 686 5439 aut
701 5399 736 5440 ne
746 5383 792 5440 vix
806 5385 925 5457 quidem.
941 5386 1018 5443 Adeo
1069 5403 1082 5440 a
1104 5389 1265 5458 deotmunt
1283 5388 1412 5446 iurtinres
1425 5390 1508 5446 boves
1535 5389 1625 5460 primo
1642 5389 1744 5460 iungit.
1760 5387 1880 5447 videsis

221 5467 317 5508 serum
333 5452 386 5511 boc
398 5465 441 5510 est
451 5454 610 5527 llieronymi
625 5455 747 5524 aliatum,
766 5457 837 5528 quod
854 5457 968 5529 nosipsi
988 5458 1016 5514 in
1098 5459 1250 5516 umiredurn
1267 5460 1391 5533 llodyum
1407 5461 1440 5518 de
1463 5461 1613 5519 bibliorum
1635 5460 1767 5518 ‘dentibus
1786 5461 1882 5534 origi-

222 5524 397 5580 conierendis
410 5525 552 5582 codicibus
566 5529 735 5597 experientia
751 5528 909 5586 didicimus.
1071 5529 1189 5588 noiibus.

257 5595 326 5652 ¹En
349 5595 502 5653 liebraeoiu
521 5596 663 5669 Graecum,
685 5609 713 5656 et
734 5615 771 5656 cx
784 5599 881 5658 Graeno
896 5603 922 5657 in
943 5600 1019 5658 Lati·
1111 5599 1120 5639 f
1141 5603 1255 5661 (lodices
1269 5619 1335 5660 mss.
1354 5605 1545 5675 quamplures,
1570 5603 1762 5676 inopen-ninus.
1776 5601 1878 5664 ιιιιιι.

219 5682 296 5724 ιιιιιιι.
480 5739 486 5750 ¹
1108 5675 1254 5732 iCnnnsule
1273 5693 1332 5745 qum
1355 5677 1380 5733 in
1398 5678 1598 5746 l'rolegomenis
1618 5676 1720 5732 nostris
1732 5676 1880 5734 ediximus

256 5739 271 5780 ι
288 5740 410 5796 bisinnus
423 5739 499 5823 atton,
523 5749 552 5796 et
569 5743 720 5809 praesertim
732 5745 766 5799 ιιι
782 5744 829 5799 lib.
844 5745 879 5802 dc
893 5746 1019 5814 snipto-
1071 5746 1105 5801 do
1118 5747 1213 5802 Latinio
1227 5747 1348 5804 llattltaei
1363 5749 1510 5819 lirattgelin
1523 5765 1572 5804 usn
1587 5758 1695 5818 recepto
1705 5750 1730 5803 in
1746 5747 1879 5807 Ecclesia

223 5813 300 5868 ribus
312 5810 524 5896 Ecclesiasticus,
541 5827 636 5897 eorum
661 5829 711 5869 nos
736 5817 848 5886 propius
873 5816 1019 5874 sententian
1070 5827 1133 5873 anm
1151 5819 1360 5892 llieronymurn,
1376 5821 1419 5875 nbi
1437 5819 1561 5888 exempla
1584 5821 1771 5891 proposuimus
1786 5819 1877 5877 addi-

221 5885 362 5952 aecedere,
378 5899 426 5958 qur
438 5883 474 5942 ab
486 5897 546 5956 tpso
557 5893 641 5942 etnam
652 5884 782 5943 llattbaeo
795 5888 928 5960 scriptum
943 5888 1021 5948 Gra·
1070 5897 1252 5948 ιιιιιιιιιοιιιιιι
1271 5891 1439 5963 ιιιιιιιιιιοιιι.
1454 5892 1545 5949 bitur.
