4017 6334
247 317 303 380 'tta
749 321 780 384 S.
799 319 991 384 insibuittt
1010 321 1127 385 tillidi
1149 319 1384 384 statibinectt.
1849 317 1901 376 'tlt

250 437 322 496 ritus
335 434 421 495 sancti
431 436 483 494 :ita
496 442 527 494 ul
539 437 573 496 ab
585 438 739 497 Jerusalem
751 454 800 512 per
811 441 954 498 circuitum
966 456 1052 512 arsque
1065 444 1089 505 Λ
1104 441 1209 498 berarii
1225 443 1252 498 in
1278 441 1365 496 uobis.
1387 439 1510 498 Salutate
1532 435 1718 494 Andronicum
1746 445 1774 493 et
1794 437 1904 494 ioniam

249 531 284 586 ad
298 530 432 604 illyricum
448 531 611 602 repleverim
628 533 803 605 Eraugeliuiu
817 533 931 591 Ebristi.
945 535 991 592 Sic
1002 549 1051 589 au·
1105 535 1191 609 [iias.
1208 535 1344 608 duliutu'l,
1362 545 1492 606 cognatos
1511 540 1540 588 et
1553 531 1730 602 concaptivos
1749 546 1826 588 tureos
1839 549 1846 586 a
1860 530 1905 602 qui

250 629 307 681 tem
322 623 466 695 praedicavi
480 623 657 696 Erarrpelium
669 634 681 663 Ι
693 624 757 695 bue,
773 626 882 702 nonubi
896 627 1053 682 urrnrinatus
1103 637 1167 684 sunt
1184 627 1291 684 nobiles
1306 631 1333 682 iu
1347 626 1498 698 Apostoiis,
1514 623 1559 696 uui
1572 634 1600 682 ιι
1613 634 1679 682 ante
1697 639 1740 681 me
1752 623 1861 680 luerunt
1877 623 1904 680 iu

250 726 293 774 est
305 716 439 786 Cirristus,
456 732 585 790 uesuper
602 718 722 774 alienum
746 717 952 774 iaudarueutum
966 717 1052 774 redili-
1103 718 1224 776 Cirristo.
1247 718 1369 776 Salutate
1382 716 1548 788 dnrpliatum
1572 716 1781 773 dilectissimum
1796 716 1862 770 mitri
1878 715 1905 770 in

251 827 343 870 carem
357 829 365 866 ι
377 812 426 870 sed
441 813 513 870 sieut
524 813 713 884 scriptumest
727 831 734 868 a
749 813 855 881 Quibus
870 827 925 868 aon
940 822 983 868 est
1003 828 1053 868 au·
1105 811 1231 868 bomine.
1252 810 1375 869 Salutate
1396 809 1533 867 Urbanum
1556 809 1707 881 adjutorem
1731 818 1857 865 nostrum
1879 809 1906 864 in

251 906 406 964 nuntiatum
428 904 464 963 de
478 921 523 973 eo,
538 905 689 962 ridebunt:
704 904 793 977 etqui
816 919 870 961 nou
894 883 1052 974 audieruut,
1103 906 1214 964 cbristo
1228 905 1327 974 ⁶lesu,
1343 913 1371 964 et
1386 903 1504 978 Staclryu
1518 904 1645 962 di'ectttm
1664 918 1765 961 meum.
1781 903 1908 960 Salutate

250 999 415 1074 intelligent.
436 999 556 1070 Propter
577 997 650 1070 quod
673 1007 701 1054 et
721 997 891 1070 impediebar
905 998 1052 1069 plurimum
1104 1001 1235 1075 appellen
1251 1001 1366 1072 probum
1387 1001 1413 1056 iu
1436 999 1555 1056 Cirristo.
1573 997 1694 1056 Salutate
1708 1013 1767 1066 eos,
1780 997 1828 1070 qui
1843 1005 1908 1054 sttui

252 1093 348 1152 tettire
356 1092 390 1149 ad
404 1107 454 1148 rus
465 1089 480 1132 i
493 1099 521 1148 et
531 1091 686 1163 prolribitus
697 1105 758 1148 sum
768 1106 856 1164 usque
866 1091 964 1148 adbruc.
978 1092 1054 1147 ilttnc
1103 1109 1136 1152 et
1147 1093 1296 1150 Aristoboli
1311 1092 1405 1150 domo.
1420 1091 1545 1148 Salutate
1559 1090 1741 1148 llerodionem
1757 1103 1906 1163 cargnatum

252 1201 318 1244 rero
334 1185 450 1244 ulterius
473 1184 563 1243 laeum
586 1201 639 1243 uou
655 1186 761 1242 liabens
776 1186 803 1242 iu
820 1185 864 1243 bis
877 1185 1052 1258 supinioribus,
1106 1203 1208 1244 mettin.
1230 1187 1351 1244 Salutate
1373 1201 1429 1253 eos,
1447 1185 1492 1256 aui
1516 1194 1577 1241 suut
1592 1199 1624 1242 ex
1644 1183 1764 1242 Narcissi
1779 1182 1790 1225 t
1806 1185 1908 1254 doute,

251 1280 429 1350 cupiditatem
445 1289 535 1337 autem
552 1279 656 1337 itabens
667 1281 798 1338 uenieudi
810 1281 843 1336 ad
856 1296 906 1337 uos
916 1296 949 1336 ea
960 1281 1054 1336 astruitis
1104 1280 1152 1352 qai
1166 1289 1231 1337 sunt
1244 1279 1271 1336 in
1283 1278 1407 1335 liomino.
1420 1278 1542 1334 Salutate
1553 1275 1734 1350 Tryphaenam
1745 1285 1774 1332 et
1783 1275 1911 1349 'i'rppbo-

249 1372 307 1444 jatm
323 1371 543 1445 pracedeatibus
562 1373 642 1429 aunis
658 1389 666 1428 ι
680 1387 741 1429 eum
764 1372 793 1428 iu
816 1372 973 1443 Hispaniam
992 1387 1054 1442 pto·
1104 1388 1180 1441 satu,
1202 1387 1262 1444 quar
1282 1371 1407 1430 laborant
1430 1371 1456 1426 iu
1476 1371 1605 1426 Domino.
1625 1371 1747 1429 Salutate
1768 1371 1910 1428 Persidem

252 1469 338 1527 ileisci
351 1485 472 1543 caepere,
485 1485 567 1542 spero
577 1471 649 1543 quod
660 1472 820 1542 praeteriens
831 1470 938 1528 rideam
952 1486 1012 1533 tos.
1028 1480 1055 1527 et
1104 1467 1295 1534 clarissimam,
1319 1483 1379 1538 qum
1393 1466 1507 1522 multum
1523 1465 1657 1522 laboravit
1671 1465 1698 1521 in
1713 1465 1840 1523 Domino.
1857 1465 1910 1522 Sa·

252 1564 358 1620 arabis
371 1564 491 1621 deducar
506 1565 616 1631 illaesi
630 1564 708 1620 robis
723 1565 839 1635 primunr
851 1580 883 1618 cx
895 1575 972 1636 parte
984 1563 1052 1620 irui·
1106 1562 1190 1618 lutate
1204 1561 1302 1617 iluiirm
1316 1562 1434 1618 electum
1452 1563 1478 1616 iu
1492 1560 1617 1629 llomiuo,
1631 1567 1658 1617 ιι
1670 1569 1786 1616 matrem
1799 1561 1870 1632 ejus,
1883 1569 1911 1616 et

251 1665 295 1714 tus
310 1657 397 1714 luero.
409 1657 488 1714 Nune
499 1657 582 1728 igitur
595 1656 754 1729 proticiscar
768 1658 795 1713 in
808 1657 960 1713 ierusalem
974 1655 1053 1712 mini·
1105 1671 1204 1712 meant.
1221 1656 1343 1712 Salutate
1359 1654 1547 1728 asyncritum,
1559 1653 1748 1726 Phlegontem,
1766 1652 1908 1722 ilermam,

252 1761 341 1809 strare
354 1753 469 1832 sanctis.
491 1736 680 1808 riensi-eruut
702 1752 773 1807 euim
790 1749 958 1817 llacedouia,
973 1759 1002 1805 et
1016 1750 1054 1804 d·
1106 1750 1262 1816 Patrubam,
1279 1751 1409 1818 liermeu,
1420 1760 1447 1806 et
1463 1748 1508 1819 apul
1522 1763 1583 1805 cunt
1595 1747 1635 1806 eis
1646 1756 1720 1819 sunt,
1736 1747 1847 1804 iratres.
1860 1747 1911 1804 Sa·

253 1847 343 1918 eltaia,
360 1848 536 1903 collationem
556 1845 676 1915 aliquam
691 1843 783 1900 lacere
798 1845 824 1898 in
843 1857 977 1915 pauperes
990 1857 1053 1899 sau-
1068 1834 1190 1904 Bluuuc
1216 1848 1384 1918 Plritotogum
1407 1855 1434 1903 et
1455 1845 1571 1912 sullam,
1593 1844 1710 1901 limeum
1732 1852 1758 1900 et
1783 1857 1909 1899 sororem

258 1949 378 2011 eternum,
393 1940 440 2012 quii
454 1947 518 1996 surrt
529 1939 556 1994 iu
567 1938 732 1996 ierusalem.
751 1938 856 1992 Placuit
871 1937 944 1993 euim
960 1935 1011 2004 eis,
1026 1925 1055 1992 ct
1106 1939 1175 2010 ejus,
1197 1947 1227 1996 et
1238 1938 1439 2012 Olympiadem,
1455 1947 1483 1995 et
1504 1951 1610 2005 orrrnes,
1633 1936 1678 2009 qui
1699 1951 1761 1992 cum
1777 1937 1818 1992 eis
1829 1941 1910 2000 sunt,

253 2031 393 2090 debitores
405 2041 470 2088 suut
491 2047 596 2088 eurum.
621 2031 687 2087 Nam
708 2029 732 2086 si
751 2030 934 2102 spiritualium
958 2043 1053 2084 eurum
1105 2041 1225 2088 sanctus.
1240 2033 1363 2088 Salutate
1377 2031 1493 2087 inuicem
1508 2032 1535 2085 iu
1549 2029 1644 2084 osculo
1658 2039 1766 2084 sancto.
1783 2025 1912 2085 Salutattt

253 2123 398 2198 participes
414 2123 477 2181 irteti
497 2135 560 2180 sunt
575 2125 692 2194 pentilus
706 2140 712 2177 :
732 2123 835 2179 debera
854 2133 881 2178 ιι
894 2123 921 2178 in
935 2121 1056 2179 carnali·
1106 2141 1155 2180 rus
1167 2140 1263 2182 ornnes
1274 2125 1403 2182 Ecclesia
1413 2123 1525 2181 Cirristi.
1537 2121 1612 2193 Rogo
1624 2131 1713 2177 autem
1725 2135 1785 2187 ros,
1798 2119 1908 2188 iratres,

253 2217 305 2276 btts
320 2219 477 2274 ministrare
488 2217 552 2273 iilis.
569 2218 627 2273 liue
642 2216 724 2290 igitur
737 2232 800 2273 etttu
815 2229 1054 2280 consummavero,
1107 2226 1136 2274 ut
1150 2218 1304 2274 observetis
1323 2231 1382 2284 eos,
1405 2217 1450 2289 qui
1472 2215 1658 2272 dissessiones
1672 2223 1700 2271 et
1721 2212 1906 2280 aliendieula,

253 2323 282 2368 et
297 2312 474 2384 assignavero
484 2311 524 2367 eis
540 2310 657 2366 lructum
675 2311 748 2366 lrurre
758 2330 765 2364 ε
776 2325 824 2381 per
837 2323 885 2364 ros
897 2309 1056 2380 proficiscar
1107 2322 1206 2382 praeter
1220 2310 1373 2368 doctrinam
1387 2325 1468 2382 utram
1481 2323 1529 2364 ros
1542 2307 1685 2376 didicistis,
1698 2305 1811 2373 iaciunt,
1827 2306 1913 2362 etde·

253 2405 282 2463 in
298 2405 467 2476 ilispaniam.
480 2405 544 2462 Seio
558 2416 648 2461 autem
665 2405 797 2477 quostiam
814 2404 926 2460 retriens
941 2402 975 2456 ad
989 2416 1054 2467 uos,
1106 2402 1205 2460 eliuale
1216 2413 1228 2452 a
1241 2403 1275 2458 ab
1287 2403 1357 2458 aliis.
1380 2399 1572 2472 liujuseemodi
1583 2400 1655 2458 enim
1673 2399 1783 2457 cbristo
1794 2398 1911 2455 Domino

252 2496 282 2554 ia
296 2498 461 2556 abundantia
485 2496 711 2554 benedicamur
727 2495 870 2566 Evangelii
891 2493 991 2550 eluisti
1008 2507 1057 2548 re·
1106 2505 1200 2553 nostro
1215 2511 1269 2552 non
1286 2497 1419 2561 seruiunt,
1441 2493 1490 2551 sed
1505 2509 1555 2550 suo
1569 2492 1672 2560 uentri,
1695 2501 1723 2550 et
1743 2506 1792 2564 per
1816 2490 1911 2548 dulces

252 2589 338 2648 niam.
353 2591 477 2648 Obsecro
491 2605 559 2661 ergo
572 2604 634 2656 uos,
649 2587 760 2657 iratres,
781 2603 832 2659 per
844 2587 989 2644 bominum
1003 2601 1055 2641 no·
1106 2603 1259 2655 sermones,
1273 2598 1300 2644 et
1311 2586 1525 2654 beuredictioacs‚
1537 2584 1763 2644 sedueuuteorda
1779 2585 1910 2642 innocen-

253 2694 342 2740 strum
355 2683 449 2740 desum
462 2681 612 2770 dionisium,
622 2690 651 2738 et
661 2697 710 2752 per
723 2682 882 2737 claritatem
897 2683 983 2736 saneti
994 2678 1056 2750 Spi·
1107 2684 1184 2738 tirtnr.
1207 2681 1303 2737 Vestra
1322 2681 1394 2738 euim
1416 2679 1572 2736 obedientia
1587 2679 1614 2735 iu
1633 2693 1741 2735 omnem
1758 2677 1851 2734 locum
1865 2677 1908 2734 di-

252 2779 330 2848 ritus,
347 2777 361 2817 ⁸¹
377 2786 408 2834 ιιι
422 2777 562 2850 adjicietis
578 2793 622 2834 ιιιι
647 2779 673 2833 iu
697 2778 870 2835 orationibus
890 2776 990 2833 restris
1005 2789 1056 2848 pro
1106 2779 1214 2850 uulgata
1229 2787 1282 2835 est.
1297 2776 1409 2834 Gatrdeo
1423 2775 1504 2847 igitur
1520 2776 1546 2831 iu
1557 2773 1645 2832 robis.
1662 2770 1716 2830 Sed
1726 2772 1790 2829 uolo
1800 2786 1852 2830 ros
1865 2787 1907 2828 sa·

255 2872 342 2932 mead
364 2874 463 2940 Deum,
489 2880 519 2928 ut
540 2873 643 2928 liberer
656 2873 692 2928 ab
708 2871 869 2928 infidelibus
883 2870 930 2942 qui
946 2878 1010 2927 sunt
1026 2869 1054 2926 in
1106 2875 1214 2945 pientes
1231 2887 1292 2929 esse
1312 2873 1338 2927 iu
1362 2871 1443 2939 boun,
1469 2878 1496 2925 et
1520 2868 1657 2940 simplices
1679 2869 1705 2924 in
1731 2867 1813 2923 malo.
1836 2867 1908 2924 beas

252 2967 359 3035 iudea,
376 2975 407 3024 ct
418 2965 543 3038 obsequii
558 2964 613 3022 mei
625 2964 729 3021 oblatio
743 2973 856 3037 accepta
871 2963 918 3020 ilat
932 2962 960 3019 in
975 2962 1057 3019 ieru-
1106 2978 1195 3021 autent
1218 2965 1292 3036 pacis
1312 2973 1436 3021 conterat
1457 2963 1583 3019 Sartauanr
1604 2962 1654 3018 sub
1679 2959 1793 3032 pedibus
1812 2960 1912 3016 restris

251 3058 337 3115 salem
353 3057 471 3129 sanctis,
493 3064 523 3114 ut
541 3058 649 3113 reniam
666 3057 699 3112 ad
716 3072 764 3113 cus
779 3056 806 3112 iu
831 3055 930 3127 gaudio
944 3069 994 3126 per
1008 3069 1058 3110 vo·
1106 3059 1247 3118 velociter.
1269 3058 1363 3115 Gratia
1378 3056 1485 3113 Domini
1502 3055 1588 3112 nostri
1609 3055 1673 3112 lesu
1691 3053 1793 3110 Christi
1818 3051 1914 3109 robis·

251 3150 385 3207 luntateut
404 3149 465 3219 liei,
480 3159 508 3206 et
529 3149 678 3220 refrigerer
700 3148 854 3206 uobiscum.
877 3149 948 3205 [leus
962 3158 1053 3205 autem
1106 3168 1176 3209 eum.
1193 3151 1298 3210 Salutat
1308 3165 1356 3206 ros
1370 3147 1531 3206 Timotheus
1541 3146 1649 3219 adiutor
1659 3161 1746 3214 meus,
1758 3153 1787 3204 et
1797 3144 1911 3214 Lucius,

251 3244 328 3314 pacis
339 3241 375 3298 sii
388 3255 451 3298 cum
466 3240 595 3297 omnibus
608 3239 697 3297 tobis·
722 3243 819 3296 dmen-
1067 3219 1091 3283 C
1109 3257 1136 3302 et
1151 3245 1247 3313 iason,
1266 3255 1294 3300 ιι
1307 3243 1459 3315 Sosipater,
1474 3243 1581 3314 eogrtati
1597 3239 1661 3297 mei.
1679 3239 1776 3299 Saluto
1796 3254 1845 3295 uos
1859 3255 1912 3310 ego

287 3333 467 3408 [demidii]
481 3333 1056 3393 EomtneudoautemrobisPbmbeusoro·
1109 3337 1230 3404 Tertius,
1249 3335 1295 3408 nui
1316 3334 1413 3406 scripsi
1429 3333 1589 3406 epistolam,
1608 3331 1636 3387 in
1659 3331 1783 3388 llomino.
1806 3330 1915 3386 Salutat

252 3440 312 3483 retu
331 3435 465 3496 nostram,
482 3433 596 3496 quaest
613 3428 641 3482 iu
663 3426 818 3484 ministerio
831 3427 972 3494 Ecclesia,
992 3443 1054 3499 aare
1110 3445 1158 3485 ros
1171 3428 1253 3485 Cattis
1268 3431 1367 3499 lrospcs
1380 3441 1468 3496 uteus,
1479 3427 1641 3483 eturtirersa
1656 3422 1789 3481 Ecclesia.
1805 3422 1915 3479 Salutat

251 3531 295 3581 est
319 3524 347 3580 ia
370 3522 507 3580 Cenebris
524 3539 533 3579 ι
550 3531 581 3579 ut
601 3537 662 3580 eam
693 3524 850 3594 suscipiatis
880 3524 908 3580 in
935 3523 1054 3580 Durnino
1110 3518 1915 3591 uosErastusareariusciuitatis,etQuar·tus‚1rater.Gra·

252 3616 335 3686 digne
347 3615 451 3674 sancus
468 3634 475 3668 ε
491 3624 520 3671 ιι
532 3615 668 3671 assistatis
679 3617 704 3672 ei
720 3616 745 3670 iu
759 3630 930 3688 quocumque
944 3617 1054 3686 negotio
1109 3621 1146 3676 tia
1166 3617 1273 3674 bomini
1291 3617 1375 3673 nostri
1395 3617 1460 3672 iesu
1477 3614 1579 3671 Citristi
1594 3627 1657 3671 curn
1675 3611 1802 3669 omnibus
1821 3611 1912 3668 robis.

251 3711 337 3768 uestri
348 3708 511 3780 indignerim
525 3709 626 3764 etenim
641 3708 700 3780 ipsa
715 3723 824 3781 quaeque
839 3707 927 3767 astitit
940 3709 1049 3777 multis,
1104 3717 1201 3770 Amen.
1220 3711 1364 3777 Eiautcm,
1376 3709 1421 3782 qui
1433 3717 1585 3780 potensest
1597 3721 1645 3763 tos
1659 3707 1825 3765 eouurmare
1833 3705 1912 3777 juata

251 3811 281 3861 ιι
298 3801 365 3858 mibi
376 3800 439 3872 ipsi.
452 3800 575 3858 Salutate
595 3799 716 3858 Priscam
731 3810 759 3857 et
771 3801 894 3872 aquitani
913 3799 1053 3870 adjutores
1106 3803 1285 3877 Evangelium
1301 3817 1403 3871 meum,
1419 3810 1448 3860 et
1466 3801 1691 3874 pradicationem
1708 3802 1774 3858 iesu
1788 3799 1911 3869 Christi,

251 3911 329 3954 ruens
343 3895 370 3952 in
384 3893 497 3952 tilrristo
509 3893 574 3951 iesu
595 3896 657 3965 (uui
668 3909 718 3964 pru
730 3895 822 3951 anima
838 3910 898 3950 mea
912 3910 975 3953 suas
990 3909 1054 3952 cer·
1106 3897 1256 3956 secundum
1268 3897 1460 3953 revelationem
1473 3895 1596 3968 mysterii
1610 3894 1779 3967 temporibus
1790 3894 1911 3961 aeternis,

251 3988 327 4046 tices
345 3994 550 4059 supposuerunt
565 4001 572 4040 t
590 3987 690 4059 quibus
706 4001 760 4042 non
782 3988 859 4044 solus
879 4003 930 4060 ego
952 3989 1055 4060 gratias
1107 3994 1181 4051 taciti
1196 3991 1288 4066 (quod
1305 4005 1359 4047 uon
1372 3989 1536 4062 patefactum
1550 3998 1592 4046 est
1607 4003 1657 4059 per
1671 3987 1833 4058 Scripturas
1845 3987 1912 4043 Peo-

252 4095 314 4155 ιιι,
328 4079 378 4138 ιιι
391 4089 421 4138 ιι
433 4089 538 4138 cuncta
552 4081 682 4137 Ecclesia
704 4082 826 4152 petatium
837 4083 863 4155 );
876 4090 904 4139 ιι
925 4083 1055 4140 domesti·
1109 4086 1250 4160 phetarum
1263 4083 1412 4142 secuudum
1429 4091 1594 4156 praeceptum
1609 4083 1704 4139 aterni
1721 4080 1781 4148 liei,
1797 4079 1833 4137 ad
1847 4081 1913 4137 abe·

252 4187 314 4229 cam
329 4171 480 4230 Ecclesiam
501 4171 583 4246 [lira
608 4172 759 4231 domestica
782 4175 929 4249 Ecclesia]
949 4191 1054 4234 eorum.
1108 4179 1238 4238 ditionem
1250 4179 1313 4236 ildei
1326 4177 1346 4251 ),
1361 4179 1387 4234 in
1401 4179 1508 4234 crunctis
1518 4176 1646 4248 genitibus
1655 4174 1768 4246 cogniti,
1780 4173 1831 4230 soli
1845 4172 1911 4246 liis.

253 4266 378 4324 Salutate
388 4265 548 4337 Epaeuetum
560 4265 690 4325 dilectum
700 4267 779 4335 milri,
794 4268 840 4340 qui
851 4277 894 4325 est
903 4268 1058 4341 primitivus
1109 4271 1219 4346 cognito
1231 4269 1306 4344 solol
1318 4269 1437 4344 sapienti
1453 4271 1508 4326 beo
1522 4283 1571 4340 per
1586 4267 1678 4324 iesum
1691 4265 1851 4332 Cirristum;
1869 4262 1911 4320 eui

255 4359 330 4419 daim
347 4360 375 4418 in
395 4358 515 4418 Christo.
524 4359 653 4456 'Salutate
666 4361 800 4431 biaciam,
815 4377 876 4434 que
888 4365 1004 4421 multura
1020 4367 1059 4423 la·
1112 4369 1200 4424 ironor
1210 4374 1239 4424 et
1252 4365 1339 4438 gloria
1352 4365 1380 4420 in
1392 4364 1492 4421 sucula
1503 4361 1679 4420 seculorum.
1696 4359 1796 4416 Amen.

721 4515 836 4592 Explicit
852 4519 970 4596 Epistola
984 4524 1017 4580 B.
1035 4523 1116 4582 Pauli
1128 4525 1239 4599 apostoli
1251 4526 1286 4582 od
1303 4525 1443 4584 llomurror.

257 4751 265 4765 .
292 4689 306 4720 ¹
324 4677 420 4764 ideque
433 4677 460 4735 in
477 4677 575 4737 Graeeo
593 4692 745 4751 pronomen
761 4679 809 4736 doe
823 4692 945 4752 resonat,
969 4699 1057 4759 neque
1071 4689 1099 4752 1)
1148 4694 1160 4724 ι
1180 4683 1283 4743 Nomen
1295 4686 1372 4752 desa,
1387 4685 1432 4741 irie
1443 4684 1495 4742 loci
1510 4700 1573 4741 cuttu
1587 4681 1691 4742 Graecis
1711 4679 1791 4741 libris
1811 4679 1909 4740 Palati·

257 4749 489 4810 taPalattnoms.
1110 4769 1161 4815 nus
1193 4772 1282 4828 trouue
1293 4771 1344 4814 ms.
1361 4767 1443 4813 tacet.

292 4822 307 4862 b
326 4823 368 4908 Ea
382 4821 483 4906 Valeaii
497 4821 678 4908 lectionibus,
693 4826 736 4883 aad
753 4825 879 4887 tretecus
901 4830 984 4905 μιχρι
995 4835 1056 4896 νῦν,
1147 4827 1157 4868 ¹
1174 4771 1238 4885 iton
1259 4829 1335 4885 addit
1349 4829 1489 4885 Palatinus
1503 4843 1554 4884 uta.
1580 4829 1668 4890 dotato,
1687 4827 1764 4899 jtttta
1785 4827 1908 4884 Graccum

256 4894 357 4968 produt
375 4893 484 4980 utrae,
503 4905 528 4950 et
547 4894 694 4979 probabatur
711 4913 768 4952 aaut
783 4914 863 4967 arque
875 4900 975 4967 oddae,
996 4916 1058 4970 qum
1109 4909 1225 4969 textum,
1242 4901 1315 4970 uuod
1327 4911 1416 4956 tanuen
1430 4915 1530 4957 narnien
1544 4898 1767 4965 subintellipitur.
1779 4899 1842 4955 blus
1854 4899 1909 4967 plus

259 4980 348 5024 tamen
363 4966 446 5023 rerba
461 4967 629 5032 tnPalauuo
643 4981 695 5024 ms.
710 4969 822 5024 omnium
837 4986 893 5026 nort
910 4972 1056 5028 bibentur.
1109 4973 1137 5028 iu
1150 4973 1247 5030 eodem
1266 4988 1317 5029 turs.
1341 4971 1465 5039 ltabetur,
1504 4988 1544 5028 ue
1558 4975 1669 5028 atuituru
1689 4969 1822 5036 laborant,
1839 4966 1907 5041 quod

295 5048 308 5078 ⁶
330 5034 507 5123 desideratur
518 5039 544 5095 in
558 5037 681 5095 Palatina
695 5053 747 5122 ms.
758 5037 906 5114 Eourrpeiii,
922 5042 995 5113 quod
1010 5059 1059 5098 no·
1110 5053 1200 5100 tameu
1215 5044 1372 5100 adtrerbiuut
1396 4989 1523 5100 sectrutiis
1538 5043 1575 5100 ibi
1590 5042 1710 5098 additum
1725 5050 1769 5097 est
1783 5043 1867 5106 cruris,
1882 5047 1908 5094 et

258 5124 321 5167 men
334 5124 350 5166 e
362 5109 733 5191 Greersquoeueuonuullts
745 5127 811 5167 mss.
827 5113 915 5169 abest.
1110 5115 1221 5172 Gemens
1241 5115 1300 5184 ipse
1324 5123 1413 5172 textus
1438 5114 1534 5170 nescit.
1558 5114 1677 5184 lienique
1697 5112 1836 5168 Persidem
1863 5125 1906 5180 pro

292 5178 306 5219 «Ι
326 5180 379 5237 Pro
392 5179 436 5236 lus
450 5181 552 5248 uerbis,
563 5190 592 5237 at
602 5183 732 5253 adjacetis
745 5199 787 5238 rue
798 5184 825 5238 iu
837 5185 999 5241 orationibus
1016 5201 1059 5242 ue·
1112 5183 1247 5242 Persidem
1260 5187 1369 5258 legitur,
1386 5195 1416 5244 ut
1425 5195 1453 5244 el
1469 5187 1550 5257 paulo
1566 5195 1630 5257 post
1642 5183 1773 5254 ilertuun,
1784 5199 1834 5254 pro
1843 5183 1907 5236 lier-

259 5253 319 5308 aleb
329 5268 377 5324 pto
388 5269 440 5320 arte,
457 5259 524 5320 ete,
541 5253 567 5307 iu
583 5252 707 5308 Palatino
720 5269 771 5308 urs.
787 5254 899 5326 legitur,
918 5265 947 5312 ιιι
960 5257 1060 5312 sollici·
1111 5273 1179 5314 utcu.

256 5324 372 5379 tudinem
384 5324 571 5396 impertiamini
585 5323 648 5378 auidi
660 5325 687 5379 iu
697 5326 856 5383 orationibus
865 5343 913 5397 pro
927 5344 979 5398 ute,
990 5339 1058 5397 etc.;
1150 5341 1162 5378 t
1181 5327 1295 5386 Rectius
1308 5328 1339 5384 ub
1351 5329 1416 5397 iilia,
1429 5345 1480 5401 pro
1490 5329 1522 5385 ab
1535 5329 1604 5398 aliis,
1621 5343 1682 5384 curu
1695 5327 1721 5382 in
1733 5327 1842 5392 Graec,
1854 5333 1904 5378 tum

258 5393 332 5466 quod
346 5395 511 5463 estquidam
529 5397 642 5467 propius
654 5394 689 5451 ad
704 5395 830 5454 Graecum
847 5407 964 5467 textum,
980 5423 1061 5458 συια-
1112 5401 1140 5457 in
1156 5397 1279 5458 Palatina
1290 5418 1341 5458 ms.
1360 5402 1467 5466 legitur.
1481 5401 1567 5458 Paulo
1582 5409 1643 5471 post
1662 5399 1795 5456 reticetur
1809 5407 1903 5462 nostro,

256 5467 471 5598 ζωιισασιαιλμοι
490 5468 517 5523 li
529 5475 588 5532 reis
601 5477 768 5546 πρισιυχαῖς
782 5470 850 5548 desp
861 5472 924 5545 iperi
937 5473 1003 5550 apic
1018 5474 1061 5531 riu
1113 5473 1159 5531 ubi
1171 5473 1281 5545 dieitur,
1293 5472 1358 5530 derat
1371 5471 1477 5530 Gltristo
1490 5471 1602 5528 Domino
1617 5479 1718 5528 uestro.

280 5556 361 5596 rasa.
377 5560 403 5598 a.
436 5575 443 5594 .
