4017 6334
80 357 128 416 iil
463 354 633 416 unisonus
650 355 683 410 ii.
703 350 807 411 ntutt
826 346 995 408 alostum
1015 349 1062 408 tu
1079 347 1288 410 communius
1306 351 1341 409 ii.
1667 343 1738 410 tto‘

78 469 289 546 goiuurCltristi,
301 471 368 530 etin
379 481 507 544 promptu
517 473 653 530 babentes
663 471 758 528 ulcisci
769 485 876 526 omnem
891 469 916 530 tl
929 467 1063 539 eiusmodi
1089 471 1323 544 pseudoapostoli,
1339 477 1355 508 ⁸
1368 469 1439 526 siout
1457 469 1575 542 operarii
1605 469 1723 540 subdoli,

79 565 303 634 inobedientiam,
317 581 379 622 cum
394 567 505 638 impleta
519 566 701 623 tueritnestra
711 563 876 620 obedientia.
929 563 1154 638 transfigurantes
1168 581 1199 624 so
1215 566 1241 622 in
1261 565 1401 638 apostolos
1414 563 1529 623 Christi.
1549 563 1585 620 ttr
1598 579 1652 622 oon
1672 565 1726 621 mi·
1764 631 1769 638 ,

79 659 141 728 Qum
155 659 309 717 secuudum
324 660 422 716 taciem
436 667 512 726 suut,
527 660 632 716 videte.
651 658 681 718 st
691 657 753 730 ouis
765 655 880 714 couildit
929 674 990 714 rum
1006 659 1085 730 :ipse
1098 659 1170 716 enim
1187 661 1305 718 Satanas
1319 659 1497 732 transtlgurat
1514 673 1544 714 se
1558 659 1584 714 in
1600 657 1725 730 angeium

80 751 128 809 sibi
137 750 244 809 curisti
253 769 285 810 se
296 767 369 824 esse,
384 754 436 811 boc
449 752 552 825 cogitet
563 752 664 809 iterum
674 751 746 822 apud
757 765 803 807 se:
815 749 878 820 ouis
929 751 1011 810 lucis.
1024 752 1083 809 Non
1094 764 1136 810 est
1146 769 1214 826 orgo
1230 769 1370 826 magnum,
1379 753 1402 810 si
1417 751 1533 812 ministri
1545 751 1606 822 eius
1621 751 1728 808 transil-

81 846 147 904 sicut
161 846 223 916 ipse
236 846 339 904 Christi
355 856 409 915 est,
422 848 461 904 its
473 855 502 904 et
516 861 578 904 uos.
591 845 671 918 Nam,
684 856 712 902 et
726 843 879 914 etamplius
929 857 1067 918 gureutur
1080 847 1157 905 reiut
1173 849 1291 906 ministri
1310 847 1424 919 justitie
1440 865 1447 903 :
1463 861 1576 916 quorum
1598 845 1660 902 linis
1677 847 1732 902 erit

81 939 178 1010 aliquid
194 941 328 1012 gloriatos
348 940 427 998 iuero
444 939 479 998 de
501 949 635 1010 potestate
657 947 774 1004 nostra,
796 951 878 1008 quam
930 939 1079 996 secundum
1093 955 1177 1011 opera
1192 941 1324 1012 ipsorum.
1340 939 1442 998 lterum
1454 938 1516 996 dico
1530 939 1585 1012 (ne
1605 938 1666 1010 quvis
1686 953 1730 995 me

82 1031 152 1090 dedit
165 1033 248 1090 trobis
262 1032 334 1106 [tls.
345 1041 399 1089 tor.
415 1032 512 1106 uobis]
527 1031 660 1090 Dominus
675 1032 703 1087 iu
719 1028 879 1086 udriostio·
931 1039 1006 1102 putet
1024 1031 1199 1104 insipientem
1221 1047 1295 1101 esse,
1315 1032 1436 1103 alioquin
1457 1031 1534 1089 velut
1555 1031 1730 1104 insipientem

82 1141 159 1197 netu,
174 1138 204 1186 et
215 1144 271 1184 nou
287 1128 315 1185 iu
330 1127 545 1186 destructionem
557 1136 675 1185 restrum
690 1141 699 1182 s
717 1140 771 1182 uon
781 1124 881 1180 erube-
931 1123 1110 1195 scriptume,
1126 1133 1199 1182 utet
1217 1139 1268 1198 ego
1279 1125 1414 1184 modicum
1428 1125 1493 1196 quid
1508 1123 1641 1198 glorier),
1654 1124 1728 1199 quod

83 1233 164 1277 uam.
180 1219 321 1278 litantem
335 1235 390 1278 uon
406 1221 545 1279 existimet
558 1229 693 1292 tamquam
714 1215 881 1275 terrere'ros
932 1217 1043 1290 loquor,
1060 1234 1114 1277 non
1133 1220 1230 1291 loquor
1244 1220 1396 1278 secundum
1418 1221 1515 1292 Deum,
1531 1219 1581 1278 sed
1610 1219 1688 1291 quasi
1704 1220 1732 1277 iu

83 1331 129 1388 per
142 1316 279 1388 epistolas
293 1333 303 1373 ι
318 1316 448 1388 quoniam
461 1315 572 1389 quidem
585 1313 728 1386 epistolae,
743 1311 879 1385 inquiunt,
931 1311 1099 1382 insipientia,
1113 1314 1144 1369 in
1161 1313 1212 1370 bac
1224 1313 1376 1370 substantia
1387 1311 1493 1385 glorie.
1505 1312 1639 1383 Quoniam
1651 1311 1731 1369 multi

82 1424 176 1483 grates
200 1420 266 1467 suut
288 1418 318 1466 et
338 1409 447 1486 tortos:
471 1409 616 1482 protentio
640 1416 731 1464 autem
758 1403 882 1476 eorporis
932 1405 1087 1478 gloriantur
1101 1408 1252 1464 secundum
1262 1421 1374 1463 caruem
1392 1415 1440 1463 :et
1455 1419 1506 1478 ego
1521 1404 1670 1478 gloriabor.
1685 1403 1731 1460 Li·

84 1501 210 1572 infirma,
235 1509 264 1558 et
281 1516 374 1557 sermo
391 1500 606 1572 conteutptibilis
622 1517 628 1552 :
644 1498 697 1554 lroe
716 1499 818 1570 cogitet
834 1496 881 1568 qui
934 1502 1033 1558 beuter
1045 1503 1119 1558 cuim
1134 1501 1256 1558 rudentis
1269 1501 1450 1574 insipientes:
1467 1513 1529 1556 cum
1550 1499 1610 1557 sitis
1621 1499 1672 1572 ipsi
1688 1514 1733 1556 sa-

84 1593 218 1666 ojusmodi
230 1603 283 1663 est,
299 1592 362 1667 quis
374 1593 672 1666 ooalessumusverbo
687 1607 737 1664 per
749 1590 882 1661 epistolas
934 1596 1052 1666 pientes.
1072 1594 1220 1652 sustinetis
1239 1593 1311 1652 enim
1334 1594 1357 1650 si
1378 1595 1440 1667 quis
1459 1609 1509 1651 ros
1531 1595 1556 1650 iu
1573 1594 1731 1652 seruitutem

86 1688 225 1756 absentes,
241 1687 311 1745 tales
324 1694 354 1744 et
368 1697 517 1758 presentes
529 1689 555 1742 io
571 1687 654 1744 lacto.
666 1686 725 1742 lion
744 1686 818 1742 cuim
838 1699 883 1739 au·
933 1690 1044 1762 redigit,
1060 1691 1082 1745 si
1104 1690 1165 1762 quvis
1181 1689 1307 1755 devorat,
1323 1690 1346 1747 si
1369 1690 1429 1762 quis
1445 1689 1554 1762 accipit,
1570 1689 1593 1745 si
1609 1689 1670 1761 quis
1685 1703 1734 1745 or-

87 1781 179 1839 demus
192 1782 328 1849 inserere,
342 1792 391 1838 aut
400 1795 562 1852 comparare
576 1797 626 1837 nos
640 1779 821 1852 quibusdam.
837 1779 882 1849 qui
935 1782 1050 1850 tollitur,
1064 1783 1087 1839 si
1101 1785 1162 1853 quis
1178 1783 1204 1840 in
1218 1783 1313 1839 taciem
1324 1795 1374 1838 vos
1386 1781 1477 1838 cadit.
1493 1781 1648 1840 Secundum
1660 1779 1734 1854 iguo

87 1875 189 1946 seipsos
213 1875 408 1933 commendant
419 1893 428 1932 ι
440 1875 490 1932 sed
504 1876 554 1947 ipsi
569 1876 597 1933 in
612 1875 690 1931 uobis
703 1873 884 1944 nosmetipsos
898 1867 923 1932 B
936 1875 1069 1932 bilitatem
1080 1875 1152 1944 dico,
1164 1877 1241 1948 quasi
1253 1889 1304 1933 ttos
1318 1873 1419 1932 lullrmi
1432 1874 1562 1932 fuerimus
1572 1875 1600 1931 in
1612 1874 1663 1930 bac
1677 1889 1735 1946 par·

88 1967 246 2035 metientes,
261 1974 290 2025 et
307 1975 497 2038 comparentes
518 1966 699 2037 nosmetipsos
721 1965 810 2024 uobis.
829 1965 885 2021 lius
936 1967 1310 2042 te.1nnuoquisaudst(iu
1329 1968 1484 2040 insipientia
1504 1967 1577 2040 dico)
1593 1966 1683 2025 audeo
1706 1973 1735 2024 et
1768 2005 1776 2020 .

88 2071 173 2119 auteur
183 2078 240 2118 uon
253 2063 280 2118 iu
292 2062 455 2118 immensum
464 2061 656 2132 gloriabimur,
671 2060 720 2116 sed
734 2057 884 2116 seeundum
936 2079 988 2135 ego
1005 2081 1012 2119 ι
1032 2061 1139 2120 Hebraei
1154 2071 1231 2131 sunt,
1248 2071 1276 2118 et
1298 2075 1350 2133 ego
1367 2077 1374 2116 τ
1389 2059 1521 2117 israelitae
1531 2069 1606 2129 sunt,
1618 2067 1646 2116 et
1660 2073 1711 2131 ego
1728 2075 1735 2113 r

88 2169 242 2212 mensuram
257 2157 370 2228 regule,
383 2170 436 2228 otta
448 2170 558 2213 merosus
572 2164 615 2212 ιιι
627 2154 707 2211 uobis
716 2154 796 2212 Deus.
810 2168 887 2209 meu·
937 2154 1037 2213 semen
1050 2153 1168 2212 turrira
1181 2162 1256 2222 sunt,
1269 2161 1297 2211 ct
1311 2167 1362 2226 ego
1375 2170 1382 2209 ι
1397 2151 1515 2210 llinistri
1536 2152 1639 2209 Christi
1660 2159 1737 2219 suut,

89 2263 176 2305 soram
188 2248 362 2320 pertingendi
376 2261 460 2319 osqttc
472 2247 507 2303 ad
519 2263 580 2304 uos.
591 2246 650 2302 Nou
660 2245 734 2304 enirn
744 2246 821 2318 quasi
831 2261 885 2301 non
937 2247 1019 2321 b(ut
1039 2247 1131 2306 miuus
1155 2249 1266 2320 sapiens
1290 2247 1364 2320 dico)
1378 2247 1439 2318 plus
1463 2262 1514 2320 ego
1530 2265 1536 2300 :
1554 2246 1580 2302 in
1597 2245 1737 2302 laboribus

90 2339 278 2413 pertingentes
291 2340 326 2396 ad
341 2354 409 2405 vos,
427 2339 684 2411 superextendimus
702 2352 751 2395 nos
774 2357 781 2395 ι
802 2352 887 2410 usque
939 2341 1075 2413 plurimis,
1091 2340 1120 2396 in
1135 2340 1297 2398 carceribus
1311 2339 1504 2408 abundantius,
1515 2339 1543 2394 in
1556 2337 1643 2411 plagis
1658 2351 1739 2409 supra

89 2431 185 2488 advos
198 2432 275 2488 enirn
295 2434 470 2504 pervenimus
488 2433 515 2489 iu
530 2433 677 2504 Evangelio
695 2430 805 2488 curisti
827 2431 887 2486 lion
942 2437 1064 2500 modum,
1075 2433 1244 2492 inmortlbus
1256 2434 1453 2506 frequentent
1465 2430 1567 2489 iudaeis
1579 2431 1736 2504 quinquies,

91 2527 114 2584 in
128 2529 295 2586 immensum
311 2526 461 2600 gloriantes
477 2529 504 2584 iu
519 2527 615 2584 alienis
634 2525 772 2583 laboribus
787 2542 796 2583 ι
811 2540 888 2596 spem
939 2527 1139 2600 quadragenas,
1157 2540 1210 2582 una
1232 2527 1331 2592 minus,
1346 2527 1453 2597 accepi.
1472 2523 1527 2580 Ter
1544 2523 1631 2596 virgis
1650 2537 1739 2579 caesus

91 2628 176 2676 ιιιιιιιι
202 2621 341 2677 babentes
360 2618 511 2677 crescentis
529 2611 593 2678 [idei
617 2627 737 2687 vestrae,
762 2617 789 2674 ln
811 2619 889 2674 vobit
939 2639 1013 2690 som,
1027 2622 1112 2680 semel
1125 2621 1261 2694 lapidatos
1275 2635 1345 2686 sum,
1362 2627 1404 2676 ter
1418 2619 1590 2691 naufragium
1607 2616 1658 2673 ieci
1673 2631 1739 2673 :no

92 2715 260 2788 magnificari
275 2713 425 2770 seeutvdum
439 2714 562 2784 reguiam
575 2723 697 2770 nostram
712 2713 739 2769 in
749 2711 890 2768 abtrodsu·
935 2725 983 2776 ,ιιι
997 2723 1027 2772 et
1039 2714 1084 2771 die
1097 2715 1123 2771 in
1142 2713 1278 2786 prolundo
1290 2713 1373 2769 maris
1389 2711 1439 2783 lui,
1454 2711 1481 2767 in
1497 2710 1642 2767 itineribus
1652 2724 1737 2782 saepe,

92 2808 163 2876 tiam,
179 2807 308 2865 stitutio
319 2807 376 2875 iila,
391 2808 674 2879 quaeuttravossont,
691 2803 888 2877 evangelizate,
941 2811 1071 2884 periculis
1085 2808 1238 2876 numinum,
1252 2807 1384 2882 periculis
1399 2807 1548 2874 istrorum,
1564 2804 1695 2878 periculis
1706 2821 1741 2862 ex

93 2917 142 2958 nou
156 2902 185 2956 in
203 2900 295 2956 aliena
311 2899 403 2972 regula
417 2900 445 2954 iu
458 2900 493 2955 iis
505 2914 567 2971 quae
580 2908 731 2969 preparata
744 2906 818 2958 sont.
831 2897 890 2967 glo·
941 2917 1053 2976 genere,
1070 2901 1200 2972 periculis
1219 2915 1254 2958 ex
1274 2899 1412 2974 gentibus,
1428 2898 1558 2972 periculis
1576 2898 1604 2956 in
1619 2897 1740 2965 civitate,

92 2995 163 3052 riari.
180 2995 238 3066 Qui
253 3003 344 3050 autem
358 2994 501 3066 gloriatur,
518 2996 544 3049 in
556 2990 890 3065 ttomtuogtortemrttou
945 2996 1077 3069 perieulis
1092 2995 1117 3051 in
1138 2994 1299 3065 solitudine,
1312 2993 1442 3064 periculis
1465 2993 1492 3048 in
1518 2991 1597 3060 mari,
1610 2991 1741 3064 periculis

93 3089 160 3146 euim
174 3088 226 3161 qui
239 3087 360 3160 seipsum
374 3086 556 3154 commendat,
573 3087 619 3144 ilie
633 3084 764 3158 probatus
773 3094 830 3142 est:
842 3084 891 3141 ted
944 3093 973 3149 iu
991 3091 1067 3148 laisis
1083 3089 1212 3147 iratribus
1229 3091 1275 3146 :in
1298 3089 1391 3146 labore
1406 3096 1433 3146 et
1448 3103 1582 3156 arumna,
1598 3085 1740 3159 invigiliis

94 3199 169 3256 quem
186 3184 264 3241 Bous
274 3182 458 3240 commendat.
945 3184 1050 3250 turritis,
1061 3185 1089 3241 in
1104 3183 1176 3242 lame
1187 3191 1217 3242 et
1228 3183 1285 3253 siti,
1302 3182 1330 3239 in
1342 3182 1456 3255 jejuniis
1471 3183 1575 3248 multis,
1591 3182 1618 3238 in
1630 3180 1742 3254 irigore,

126 3279 205 3354 [Cit-
223 3277 285 3349 xl·l
304 3277 414 3336 Uiisstm
428 3275 600 3334 ⁸⁰⁸il¹l0i⁰¹l³
617 3275 754 3332 mitum
770 3273 836 3345 (tuli¹
850 3262 929 3331 rvr-c
946 3292 974 3341 et
989 3281 1113 3340 nuditate
1131 3280 1310 3355 :praeteritis
1331 3293 1395 3352 que
1420 3279 1592 3336 extrinsecus
1615 3285 1690 3344 suru,
1703 3279 1745 3331 in·

95 3370 231 3444 iliiessfiss
244 3385 323 3437 ΜΞ,
338 3369 386 3426 sed
398 3379 427 3426 0¹
438 3378 596 3442 supportate
610 3383 671 3426 ⁰¹0²
684 3368 810 3428 AEm⁰¹0r
821 3367 895 3424 enim
946 3377 1047 3434 stantia
1068 3391 1127 3432 mea
1145 3373 1316 3445 quotidiana,
1331 3371 1488 3430 sollicitudo
1507 3370 1629 3429 omnium
1645 3367 1746 3427 Eccle-

96 3479 141 3522 ιιι
155 3465 207 3523 liei
232 3463 418 3520 aemulatione·
440 3461 578 3534 ὓιιιιιᾱί
599 3463 674 3520 enim
694 3476 744 3518 tot
767 3461 814 3517 uni
837 3461 896 3518 titt
946 3471 1060 3527 siarum.
1076 3468 1143 3538 Quis
1156 3467 1326 3533 infirmatur,
1339 3475 1367 3522 et
1380 3479 1433 3538 ego
1456 3478 1511 3521 nun
1525 3463 1670 3520 iodrmorl
1684 3461 1746 3536 quis

96 3559 232 3632 virginem
254 3569 358 3616 castam
372 3558 504 3616 exhibete
517 3557 638 3616 cbristo·
664 3556 760 3615 Timeo
781 3566 895 3627 auum,
947 3561 1159 3626 scandalizatur,
1172 3567 1201 3616 et
1214 3573 1265 3631 ego
1281 3573 1335 3614 non
1352 3558 1435 3614 urorl
1448 3555 1477 3614 Si
1493 3555 1605 3629 gloriari
1618 3562 1746 3627 oportet3

97 3666 129 3708 ne
141 3653 214 3710 sicut
229 3665 344 3723 serpeus
367 3653 450 3708 Eram
471 3650 576 3708 seduxit
587 3650 687 3709 astutia
701 3665 767 3717 sua,
786 3651 822 3706 ita
833 3664 895 3706 eor·
948 3669 1010 3727 qum
1021 3653 1190 3710 inormitatis
1205 3665 1273 3708 meas
1288 3657 1361 3716 suut,
1377 3648 1528 3720 gloriabor.
1544 3647 1618 3705 Deus
1629 3655 1657 3704 et
1668 3656 1748 3718 pater

96 3753 261 3819 rumpuntur
276 3758 374 3802 sensus
387 3745 485 3814 vestri,
499 3756 527 3802 et
541 3743 697 3802 excidauta
711 3743 896 3816 simplicitate,
951 3745 1060 3804 bomini
1081 3745 1168 3802 nostri
1192 3745 1256 3802 lesu
1279 3741 1448 3812 christierni
1471 3749 1514 3798 cst
1537 3739 1698 3800 benedictus
1719 3740 1746 3797 in

47 3851 54 3864 ·
99 3852 157 3906 oue
183 3845 234 3895 est
258 3835 425 3895 inebriato.
448 3837 517 3894 iiam
540 3837 564 3894 si
589 3837 614 3894 is
637 3839 682 3912 qui
705 3839 791 3902 venit,
815 3838 898 3893 ulium
949 3839 1124 3908 occuluerit
1138 3838 1211 3910 quod
1224 3853 1278 3894 non
1294 3834 1424 3893 utentior.
1437 3835 1564 3891 Damasci
1581 3832 1747 3906 prepositos

95 3927 239 3990 Christum
264 3930 422 4002 praedicat,
453 3945 534 4004 quem
568 3945 624 3986 non
664 3928 898 4004 predicavimus3
950 3935 1040 4008 gentis
1052 3932 1143 3989 bretos
1158 3931 1243 4001 regis,
1259 3927 1431 3986 custodiebat
1445 3927 1582 3983 ciuitatem
1600 3925 1747 3982 Damasce-

97 4033 141 4080 aut
151 4026 243 4083 ulium
257 4024 385 4096 spiritum
400 4022 542 4096 accipitis,
563 4038 645 4098 quem
660 4038 715 4081 oon
734 4023 899 4096 accepistis;
951 4045 1060 4096 norum,
1074 4037 1105 4084 nt
1119 4041 1164 4085 me
1175 4021 1423 4097 comprehenderet
1437 4039 1443 4076 :
1458 4029 1486 4079 ιι
1501 4035 1549 4093 per
1562 4019 1711 4100 fenestram
1721 4017 1749 4074 in

97 4126 141 4175 aot
159 4117 244 4176 aliud
259 4118 458 4190 Evangelium,
484 4116 558 4189 guod
572 4133 627 4174 nou
646 4117 790 4190 recepistis
806 4127 903 4174 :recte
951 4131 1046 4195 sporta
1065 4121 1195 4180 dimissus
1215 4135 1275 4177 sum
1290 4133 1342 4190 per
1362 4131 1482 4188 morum,
1495 4126 1523 4172 et
1543 4113 1583 4172 sic
1597 4113 1677 4187 enttgi
1692 4127 1751 4170 ma-

98 4215 277 4285 pateremiui.
304 4214 438 4272 Existimo
463 4213 536 4270 euim
566 4213 635 4270 nibil
660 4229 705 4271 me
738 4213 828 4270 minus
859 4213 901 4270 ie·
953 4217 1086 4289 nnsejus.

97 4309 167 4366 cisse
182 4326 199 4365 a
212 4309 324 4383 magnis
336 4307 480 4380 apostolis.
496 4305 564 4363 Nam
574 4304 627 4364 etti
642 4307 903 4377 imperitussermo·
990 4309 1070 4386 [dep.
1088 4307 1160 4382 att]
1175 4306 1205 4365 Si
1218 4304 1331 4377 gtortsrt
1355 4310 1464 4378 oportet
1478 4305 1546 4378 (nou
1570 4299 1683 4372 expedit
1693 4297 1754 4372 qui·

100 4417 144 4471 ¹¹0,
156 4403 209 4460 Μ
229 4417 288 4460 ⁰⁰¹¹
309 4402 440 4468 scientim
453 4401 480 4455 5¹¹
498 4399 724 4460 omnibusautem
737 4397 903 4456 manifestati
954 4406 1018 4464 dem
1035 4425 1041 4460 ι
1056 4404 1186 4477 ironiam
1202 4411 1293 4460 sortem
1318 4400 1353 4458 ad
1375 4399 1498 4457 visiones
1518 4405 1547 4453 et
1568 4395 1752 4453 revelationes

99 4512 195 4558 sumus
206 4499 298 4557 robis.
310 4500 365 4554 tut
378 4495 509 4570 numquid
524 4504 667 4567 peccatum
682 4493 745 4564 ieci,
757 4510 801 4552 me
812 4494 903 4566 ipsum
957 4498 1077 4556 utinum.
1093 4498 1156 4556 Scio
1175 4495 1313 4552 bominem
1328 4494 1357 4550 in
1377 4492 1489 4550 cbristo
1504 4499 1567 4546 aute
1585 4505 1673 4547 anuos
1686 4503 1754 4560 qus·

100 4587 264 4661 humilians,
278 4598 307 4646 ut
319 4603 371 4644 uos
381 4587 540 4644 exaltemini
550 4586 562 4642 l
574 4586 704 4660 quoniam
719 4587 803 4658 gratis
814 4586 903 4641 Evan-
957 4591 1106 4648 tuorrlecinr
1125 4587 1196 4662 (sive
1214 4587 1242 4642 in
1262 4599 1376 4655 corpore
1399 4582 1504 4644 nescio,
1518 4581 1577 4636 sire
1592 4589 1670 4637 extr-2
1683 4592 1745 4636 cop.

100 4686 202 4757 getium
218 4685 272 4743 liei
297 4681 485 4756 evangelizari
500 4681 597 4740 uobisl
613 4681 689 4740 nitas
711 4681 842 4738 ecclesius
858 4694 906 4736 ex·
918 4653 945 4716 D
958 4699 1009 4756 pus
1030 4680 1135 4748 neseio,
1149 4677 1220 4736 bens
1236 4675 1305 4747 soit)
1316 4685 1424 4746 raptum
1444 4671 1599 4745 trojmmodt
1623 4669 1755 4744 usquead

101 4779 232 4850 spoliavi,
250 4777 392 4850 accipiens
406 4775 575 4850 stipendium
589 4776 623 4834 ud
647 4775 830 4834 ministerium
847 4790 906 4832 ves·
959 4776 1070 4834 tertium
1085 4773 1196 4832 coelum.
1213 4771 1246 4827 Et
1265 4768 1323 4826 scio
1348 4765 1504 4840 hujusmodi
1529 4764 1668 4822 bominem
1686 4763 1757 4838 (sive

102 4881 185 4930 uum.
200 4873 239 4931 Et
259 4887 324 4930 cum
347 4887 439 4930 essem
459 4871 532 4945 apud
554 4885 620 4936 ros,
637 4881 666 4928 et
688 4885 815 4945 egerem;
839 4869 905 4926 nulli
959 4871 986 4927 in
1011 4881 1137 4940 corpore,
1151 4864 1211 4923 sive
1237 4872 1314 4920 extra
1338 4874 1456 4932 eorpus,
1472 4859 1578 4926 nescio,
1593 4856 1667 4914 Deus
1694 4855 1758 4928 scit)

101 4979 241 5024 onerosus
257 4964 295 5023 ini
312 4981 320 5024 ι
335 4980 400 5024 nam
413 4965 487 5038 quod
503 4965 571 5021 mitri
587 4964 693 5031 deerat,
711 4965 909 5038 suppleverunt
959 4962 1089 5035 quoniam
1105 4967 1197 5032 raptus
1212 4967 1255 5014 est
1269 4955 1296 5012 in
1312 4954 1468 5027 paradisum
1483 4961 1529 5010 :et
1540 4949 1645 5008 audivit
1658 4963 1758 5005 arcana

100 5056 214 5128 iratres,
230 5059 281 5134 qui
303 5069 464 5117 reneruuta
488 5057 647 5116 iiacedouia
664 5067 711 5116 :et
733 5059 761 5114 iu
780 5056 909 5116 omuibus
960 5053 1056 5121 verba,
1070 5066 1132 5126 ortae
1150 5048 1283 5108 nonlicet
1297 5047 1400 5104 bomini
1424 5045 1508 5117 ioqui.
1532 5044 1585 5101 Pro
1600 5040 1758 5114 buJusruodi

101 5151 160 5210 siue
172 5167 268 5211 onere
281 5168 328 5210 me
337 5149 417 5209 uobis
430 5150 552 5217 servavi,
563 5160 591 5208 et
605 5151 731 5209 servabo.
743 5151 792 5208 list
806 5153 908 5208 recitas
958 5148 1099 5220 gloriabor
1113 5163 1120 5201 :
1138 5162 1188 5218 pro
1202 5158 1246 5202 me
1259 5151 1351 5199 autem
1367 5139 1436 5199 nibil
1448 5137 1586 5211 gloriabor
1601 5135 1655 5194 niti
1669 5136 1697 5191 in
1712 5135 1755 5192 in·

100 5243 204 5304 curisti
220 5247 252 5304 io
268 5245 469 5317 mennonium
484 5243 544 5302 brec
560 5244 758 5317 gloriationum
774 5244 908 5316 intringe-
961 5241 1138 5302 firmitatibus
1152 5239 1231 5315 meis.
1247 5237 1327 5304 Natu,
1348 5242 1377 5292 et
1401 5235 1423 5291 si
1436 5231 1552 5290 voluero
1566 5229 1689 5303 gloriari,
1706 5241 1761 5286 noo

101 5347 146 5398 tur
162 5342 196 5398 iu
209 5355 261 5399 rue
287 5340 315 5397 iu
335 5340 494 5414 regionibus
507 5341 628 5398 nobaia.
644 5341 754 5411 Quarel
768 5339 837 5411 Quia
853 5357 907 5397 nou
961 5352 1009 5395 ero
1024 5337 1160 5408 insipieus
1174 5351 1181 5390 ι
1194 5327 1421 5388 ιιιιιιιιιιιιιιίιιι
1437 5323 1525 5383 dicam
1543 5337 1647 5394 sparso
1657 5331 1760 5390 autem,

101 5433 208 5507 diligor
225 5435 305 5492 ileos
316 5434 381 5490 scit.
394 5432 473 5502 Quod
487 5436 587 5490 'autem
603 5433 685 5502 iacio,
700 5442 729 5489 et
742 5433 839 5490 luciam
857 5451 865 5489 ι
881 5443 911 5490 ut
962 5448 997 5490 ne
1010 5431 1074 5503 quis
1087 5443 1131 5488 me
1141 5425 1278 5485 existimet
1292 5435 1375 5496 supra
1388 5418 1416 5477 id
1430 5417 1505 5492 quod
1520 5415 1594 5474 ridet
1606 5415 1634 5473 iu
1645 5429 1699 5485 me,
1715 5423 1764 5473 ant

101 5539 245 5602 amputem
259 5527 437 5586 occasionem
445 5527 606 5599 eorum,qoi
619 5528 715 5584 roluut
725 5528 910 5596 occasionem,
963 5523 1064 5596 aliquid
1083 5519 1157 5578 audit
1175 5535 1209 5577 ex
1223 5533 1277 5575 me.
1294 5517 1330 5574 Et
1343 5529 1377 5572 ue
1391 5511 1551 5586 magnitudo
1563 5510 1762 5569 revelationum

102 5622 168 5682 otiu
187 5635 250 5699 guo
264 5621 432 5695 gloriantur,
447 5619 706 5678 inveniantursicut
719 5629 747 5678 ιι
761 5635 825 5678 ιιι.
840 5620 909 5679 Nam
963 5617 1078 5680 extollat
1101 5631 1156 5686 me,
1173 5614 1253 5672 datus
1276 5620 1321 5671 est
1336 5607 1404 5669 mibi
1427 5607 1556 5668 stimulus
1580 5605 1673 5666 caruis
1695 5617 1764 5663 meu

141 5835 240 5893 tcum
254 5831 356 5891 Gracc
373 5836 451 5888 textu
466 5837 539 5888 tacet
552 5829 580 5886 in
594 5826 718 5888 Palatino
742 5843 794 5888 urs.
811 5831 910 5889 adver·
1000 5822 1111 5884 ιἈιιιιιι
1123 5818 1261 5879 Palatinus
1271 5833 1324 5876 ms.
1336 5816 1459 5878 isocolou
1466 5825 1490 5876 ιι
1497 5811 1635 5890 ego,oood
1646 5810 1675 5872 iu
1685 5809 1765 5872 ora·

108 5905 283 5965 biumsint·
969 5895 1129 5972 ecquidem
1137 5901 1214 5954 teuto
1223 5905 1280 5950 uota
1293 5889 1417 5952 babetur.
