4017 6334
229 287 278 352 iit
732 287 763 348 S.
783 283 978 347 fltnnoutttt
995 284 1116 347 DWliiA
1134 274 1376 348 sibilantibus.
1832 287 1889 347 lb!

243 461 246 479 ,
265 408 381 483 lrrrpleut
393 406 522 467 Dominus
537 421 626 466 orrares
639 405 774 482 petitiones
792 415 852 463 tuas
866 421 876 464 .·
890 424 961 464 nurse
978 426 1026 466 ao·
1038 408 1069 469 A
1114 403 1232 479 Impleat
1249 405 1381 463 bominns
1406 418 1504 464 omnes
1530 405 1678 480 petitiones
1703 414 1783 476 tuas,
1810 421 1889 464 nune

231 505 452 580 pensionarium
465 501 568 560 salsum
580 501 643 572 {seit
655 497 784 557 Donamus
793 499 927 558 Claristrun
941 518 1030 560 suum.
1082 499 1209 572 adunari,
1224 499 1352 572 quonium
1362 501 1471 557 salsum
1487 501 1571 560 laeiet
1584 500 1650 576 [ils.
1666 500 1741 574 lauit]
1752 499 1888 557 Dominus

245 645 250 652 .
268 598 399 656 Exaudiet
412 598 490 654 illam
503 597 536 655 de
549 594 614 653 salo
627 602 716 652 saneto
729 609 776 650 suo
791 594 841 650 :irs
855 597 1032 668 potentatibus
1084 591 1223 652 Christum
1243 610 1324 651 suum
1341 613 1349 651 ε
1364 604 1395 653 et
1412 596 1541 652 exaudiet
1555 597 1633 670 illurn
1648 596 1684 652 de
1698 595 1771 654 eaelo
1788 601 1890 652 ssrsoto

230 679 304 747 salus
318 692 430 748 deutera
442 693 512 765 ejus.
1084 703 1146 759 suo,
1162 686 1190 744 in
1205 689 1390 760 potentatibus
1407 689 1482 745 sulus
1493 689 1619 747 dexteru
1633 689 1705 761 eius.

247 839 249 844 ,
268 781 491 850 detonantem,
507 790 533 838 et
544 780 573 836 lsi
585 781 614 837 iu
627 781 698 853 spuis
713 788 876 838 :aestatem
887 782 917 838 in
927 782 1033 842 semmae
1121 780 1156 838 tii
1171 782 1199 836 in
1216 781 1355 848 curribus,
1376 789 1405 838 et
1425 779 1455 838 tu
1467 782 1495 840 in
1507 782 1585 854 equis
1601 795 1675 839 enos
1686 790 1778 838 sutem
1792 779 1822 836 in
1836 793 1890 836 na·

232 873 341 932 Donss'ni
355 876 404 930 Dei
419 875 503 932 nostri
515 873 701 932 moerebimus.
1084 873 1159 932 tuine
1177 875 1287 934 Domini
1302 874 1350 931 bei
1366 875 1455 932 nostri
1469 875 1715 946 magnificabimur.

220 981 222 986 ·
246 1025 251 1032 ,
271 965 329 1040 Ipsi
354 965 460 1041 obliqati
482 975 543 1026 tunt
567 977 592 1023 et
612 965 761 1023 tenderunt
775 982 843 1025 :nos
865 977 953 1026 auant
974 983 1032 1025 sus-
1122 966 1178 1038 lpst
1192 968 1305 1040 obligati
1318 976 1393 1037 sunt,
1408 975 1438 1024 et
1458 968 1619 1026 aesiderant
1633 985 1642 1026 s
1658 983 1709 1027 nus
1732 977 1824 1026 auum
1844 983 1894 1027 re·

232 1063 347 1120 reaimus
360 1060 470 1119 stercori
479 1076 581 1118 sumus.
1085 1062 1267 1132 surreximus,
1283 1071 1312 1120 et
1322 1061 1410 1120 ereeti
1424 1075 1529 1118 sumus.

266 1152 389 1224 Domine,
417 1147 519 1210 saluum
543 1153 587 1224 lae
600 1167 687 1225 repam
702 1167 732 1210 -e
745 1161 815 1211 stes
829 1154 841 1224 ζ
857 1152 921 1212 audi
942 1155 1034 1212 ausin
1122 1156 1249 1224 bomine,
1263 1154 1371 1213 salvum
1394 1154 1438 1211 ise
1453 1169 1547 1228 regem
1561 1173 1569 1208 ε
1585 1151 1721 1212 elerstidi
1737 1167 1788 1212 nos
1801 1152 1830 1210 ia
1843 1152 1894 1210 die
2007 1132 2008 1185 Ῐ

234 1248 278 1306 die
293 1265 344 1322 qua
355 1247 560 1306 invocaverimus
575 1259 606 1302 -e
619 1254 644 1303 ts
659 1247 671 1317 ζ
1084 1263 1138 1318 oua
1151 1235 1224 1321 [bls'
1233 1249 1260 1307 ia
1272 1247 1336 1322 qus]
1354 1247 1574 1306 inruesterimus
1587 1257 1625 1306 te.

922 1338 1104 1407 PSALMUS
1124 1341 1201 1406 XX.

250 1487 257 1498 .
354 1496 357 1504 ,
435 1452 450 1482 ·
468 1459 495 1502 nr
513 1459 596 1502 muers
614 1457 731 1500 esurum
749 1457 840 1500 narro.
885 1489 890 1496 .
1169 1461 1303 1516 rurrneu,
1324 1446 1543 1506 maerosbsrio
1557 1444 1622 1521 [ils.
1636 1444 1802 1520 restnsvml.

271 1536 393 1606 bomine,
406 1538 433 1592 in
445 1540 538 1594 uirtute
553 1549 599 1593 tua
612 1536 743 1593 letabitur
755 1551 803 1593 rea
816 1544 861 1594 :et
873 1551 951 1610 super
964 1537 1038 1595 sals·
1124 1538 1250 1608 Domine,
1258 1541 1284 1597 in
1293 1539 1392 1596 uirtute
1402 1551 1447 1596 tua
1458 1538 1592 1596 letabitur
1600 1553 1651 1597 rex
1664 1555 1672 1594 ι
1683 1547 1712 1596 et
1725 1551 1808 1612 saper
1816 1537 1896 1596 sstu-

237 1644 292 1692 tase
306 1645 380 1706 tuum
389 1633 530 1690 exsultabit
539 1633 711 1690 retenentes.
1088 1641 1147 1690 tare
1157 1641 1232 1689 tuum
1246 1633 1395 1690 exsultabit
1408 1634 1594 1692 vehementer.

274 1726 440 1783 Desideriunt
451 1727 537 1784 sordis
550 1729 609 1802 ejus
622 1727 736 1785 tribuisti
749 1729 773 1783 ei
787 1745 795 1783 τ
810 1736 834 1784 et
848 1727 980 1784 ortamota
992 1726 1036 1783 la·
1125 1725 1294 1782 Desideriurn
1306 1725 1406 1782 enimse
1416 1724 1498 1797 ejus‘¹
1515 1725 1634 1783 tribuisti
1648 1723 1673 1781 ei
1688 1741 1696 1779 τ
1709 1732 1737 1781 et
1750 1723 1896 1782 voluntate

235 1818 338 1876 bs'orum
347 1822 408 1892 ejus
421 1835 474 1874 non
488 1819 618 1890 fraudasti
631 1835 700 1876 eum.
719 1821 882 1877 brissanus.
1089 1815 1223 1874 labiorum
1237 1818 1297 1888 eius
1310 1833 1365 1874 non
1380 1816 1511 1875 fraudasti
1526 1833 1599 1875 eum.
1620 1817 1791 1875 brrrssttts.

275 1910 408 1977 Quoniam
420 1912 567 1981 proueniat
580 1929 639 1968 eant
662 1914 690 1969 in
701 1913 919 1970 benedictionibus
950 1908 1079 1972 dulce-B
1127 1909 1260 1977 Quoniam
1275 1909 1430 1981 prevenisti
1451 1924 1515 1967 eam
1534 1910 1562 1966 in
1583 1908 1818 1967 benedictionibus
1831 1907 1897 1965 dut-

242 2004 312 2060 dinis
326 2019 336 2060 .·
350 2005 462 2075 posuisti
481 2005 509 2061 irs
520 2004 604 2078 capite
624 2007 680 2080 ejus
695 2021 817 2062 eoronam
831 2005 864 2062 tle
880 2006 969 2076 lapide
980 2022 1040 2078 pre-
1090 2002 1197 2060 ordinis
1219 2021 1226 2060 ε
1253 2003 1366 2076 posuisti
1384 2004 1511 2078 incapite
1525 2003 1585 2076 ejus
1605 2017 1736 2062 soronam
1753 2001 1789 2061 de
1802 2002 1897 2074 lapide

238 2095 316 2152 tiaso.
1090 2097 1225 2169 pretioso.
1373 2082 1375 2088 ’

283 2187 370 2244 Vitam
379 2191 452 2264 petiit
466 2206 483 2245 a
496 2189 549 2246 teb
565 2206 596 2248 -e
611 2199 635 2247 et
651 2190 664 2262 ζ
681 2191 794 2248 tribuisti
811 2191 835 2248 ei
852 2191 1040 2266 lorrpituslinear
1129 2193 1231 2250 llitsrm⁰
1242 2194 1320 2266 petiit
1330 2208 1344 2249 a
1356 2203 1384 2253 te
1395 2212 1403 2250 ι
1414 2193 1563 2271 tribuistiei
1572 2191 1767 2267 longitudinem
1774 2191 1896 2262 dieram,

238 2282 353 2352 dierunt,
367 2283 395 2338 in
409 2283 536 2339 taculum
549 2290 574 2340 et
587 2283 616 2339 s'n
628 2282 754 2339 saeculum
770 2298 801 2340 -ι
812 2285 902 2339 secali
918 2283 931 2354 ζ
1091 2286 1120 2344 in
1134 2287 1263 2344 smaulum
1279 2288 1383 2347 saculi.
1508 2295 1513 2300 “

276 2376 423 2449 llaprsoest
438 2377 590 2451 ploriueius
600 2377 628 2432 s'rs
639 2376 751 2434 solutari
766 2386 810 2432 tuo
822 2391 832 2433 .·
842 2377 954 2450 plurium
967 2385 991 2433 et
1007 2390 1039 2434 ψ
1127 2382 1221 2454 Magna
1239 2390 1282 2439 est
1292 2381 1379 2455 gloria
1396 2382 1454 2455 ejus
1474 2381 1503 2439 in
1522 2381 1633 2438 salutari
1656 2387 1703 2439 tun
1717 2397 1725 2435 ε
1738 2379 1853 2455 gloriam
1868 2387 1900 2438 et

240 2485 367 2543 mannum
382 2469 394 2538 ζ
411 2471 530 2528 decorem
543 2471 661 2543 impones
670 2487 748 2544 super
757 2487 826 2527 eum.
1091 2490 1220 2548 maguum
1232 2474 1359 2534 decorem
1373 2477 1496 2548 impones
1509 2490 1592 2549 super
1604 2490 1677 2533 eum.

283 2563 416 2632 Quoniam
430 2563 504 2620 dabis
518 2578 577 2619 sunt
591 2565 619 2620 in
632 2563 853 2633 benedictionem,
868 2565 896 2619 in
918 2564 1043 2620 seculum
1128 2568 1260 2636 Quoniam
1277 2566 1374 2625 debis‘
1396 2583 1458 2624 eum
1472 2567 1500 2624 in
1511 2567 1750 2636 benedictionem,
1766 2565 1793 2623 in
1809 2580 1899 2622 sucu·

241 2671 273 2715 -e
289 2655 380 2712 rmouli
394 2654 406 2724 ζ
423 2652 569 2726 laetificabis
582 2671 641 2711 eum
652 2658 680 2710 in
695 2655 792 2727 pendia
802 2671 862 2711 eum
870 2657 946 2712 uultu
959 2666 1015 2712 tuo.
1093 2662 1149 2720 lum
1163 2661 1254 2718 saculi
1270 2680 1278 2716 ε
1293 2661 1443 2718 letiliesbis
1455 2677 1517 2720 eum
1530 2663 1558 2718 in
1569 2660 1667 2734 gaudio
1677 2677 1738 2717 eum
1750 2661 1826 2719 uultu
1835 2669 1897 2720 tua.

279 2748 412 2816 Quoniam
423 2762 470 2802 rea
479 2757 567 2819 sperat
582 2747 610 2802 in
620 2746 734 2804 llanrinu
748 2763 758 2804 .·
773 2757 797 2803 rt
816 2749 844 2804 in
863 2747 1044 2804 misericordia
1130 2753 1261 2822 Quoniam
1274 2768 1323 2810 rex
1336 2757 1456 2825 speravit
1470 2757 1497 2810 in
1508 2753 1622 2812 bomine
1637 2770 1646 2809 ε
1661 2762 1689 2811 et
1702 2756 1730 2810 in
1739 2753 1899 2812 misericor·

241 2839 366 2896 altmanni
379 2857 431 2896 non
445 2840 654 2897 commorabitur.
793 2919 798 2926 Ὦ
1094 2846 1137 2905 dia
1153 2847 1276 2904 altissimi
1290 2863 1345 2904 non
1358 2849 1588 2906 commonebitur.

277 2932 430 2989 inueniatur
439 2949 532 2990 manus
542 2944 587 2988 tua
598 2933 716 2989 aturribus
726 2933 841 2989 inimicis
854 2934 905 2990 tuis
917 2951 926 2991 :
936 2939 1045 2992 tenura
1129 2940 1282 2999 irruenialar
1295 2941 1360 3016 [lis.
1371 2942 1534 3015 invenietur]
1545 2957 1640 3000 manus
1648 2951 1692 2999 tus
1704 2942 1832 3000 omnibus
1842 2941 1900 2998 ini·

245 3038 290 3086 tua
304 3029 418 3086 inueniat
435 3043 467 3086 ·t-
482 3043 570 3085 amnes
586 3029 611 3096 ⁶,
622 3027 693 3100 qui:
710 3037 735 3081 te
747 3027 866 3084 oderunt.
1094 3035 1173 3093 micis
1188 3038 1241 3092 tuis
1252 3052 1260 3091 ι
1270 3043 1299 3092 et
1307 3035 1417 3094 dextera
1432 3047 1477 3093 tus
1492 3037 1714 3095 inveniatomnes
1729 3035 1776 3110 qui
1788 3044 1815 3094 te
1827 3034 1896 3093 ade-

1096 3140 1172 3189 runt.

282 3204 370 3261 Panes
384 3213 479 3275 eos,ut
492 3203 712 3279 clibanumlpuls,
725 3205 876 3278 intempore
888 3203 974 3263 uultus
985 3208 1046 3266 tui:
1130 3226 1219 3284 pones
1233 3240 1298 3293 eor,
1315 3235 1347 3283 ut
1364 3225 1428 3300 [ils.
1440 3224 1478 3299 in]
1498 3225 1635 3283 clibanum
1646 3225 1717 3298 iguis
1729 3223 1758 3281 in
1772 3231 1900 3296 tempore

245 3298 376 3355 Dominus
393 3299 421 3354 itt
438 3298 480 3354 ira
491 3314 540 3354 suu
554 3297 714 3355 conturbabit
733 3313 791 3369 aas,
809 3307 834 3354 et
851 3297 983 3356 deaurabit
1000 3299 1081 3365 entC
1095 3321 1186 3378 suppus
1200 3321 1238 3377 ως
1253 3339 1261 3377 :
1277 3321 1408 3378 Dominus
1418 3322 1445 3378 p„
1460 3321 1498 3376 p„
1510 3337 1559 3379 m
1571 3319 1744 3378 mmmmm
1757 3316 1823 3393 [up
1833 3333 1903 3374 enn-

246 3389 327 3464 ipnis.
1098 3413 1225 3488 turbarit]
1238 3429 1298 3482 eos,
1313 3424 1342 3472 et
1354 3414 1494 3471 devorabis
1506 3413 1572 3488 [lis.
1587 3410 1738 3484 devorarit]
1752 3427 1801 3469 eos
1817 3410 1901 3483 ignis.

287 3484 416 3541 b'rurrum
427 3500 517 3540 terunt
530 3483 563 3541 sle
577 3493 645 3542 ursa
655 3484 748 3558 perdes
762 3499 772 3542 .·
791 3493 816 3542 el
830 3501 915 3543 stmeu
926 3503 1046 3543 earamu
1130 3507 1259 3564 {emptum
1274 3506 1416 3564 001-qu
1431 3515 1504 3565 rem
1517 3507 1614 3581 perdes
1628 3523 1636 3562 :
1652 3516 1681 3564 pr
1695 3519 1789 3564 semen
1799 3518 1900 3562 eorum

248 3581 312 3651 filiis
324 3581 468 3636 sarrrinanr.
1103 3613 1120 3657 a
1135 3599 1198 3655 liliis
1211 3597 1365 3656 hominum.

285 3675 416 3742 Quoniam
437 3672 632 3729 declinaberunt
653 3673 681 3728 in
700 3681 725 3730 te
745 3671 816 3728 neela
838 3690 848 3730 .·
872 3675 1047 3748 cogitauerunt
1133 3692 1267 3763 Quoniam
1288 3691 1496 3750 declinaverunt
1518 3692 1544 3750 ῑῃ
1568 3700 1596 3750 to
1608 3690 1679 3750 malr
1695 3709 1702 3746 ς
1716 3689 1907 3763 cogitauerunt

247 3766 366 3834 consilia,
380 3781 439 3840 ‘llll‘
451 3782 504 3822 ¹¹⁰⁶
518 3773 658 3838 dmum
670 3781 700 3822 ’ἲ
713 3767 829 3822 “ambi
845 3766 857 3836 ἶ
1099 3788 1253 3856 eonsilium,
1267 3786 1339 3860 quod
1351 3801 1405 3842 nun
1419 3795 1567 3859 potueruut
1580 3785 1711 3842 stabilire.

287 3860 419 3927 lebl'bm
431 3875 511 3931 Ρθηθ8
525 3875 567 3915 ⁶⁰⁸
576 3860 683 3915 ΨΜ
694 3875 704 3915 ·’
714 3860 742 3915 5²¹
754 3858 870 3931 ‘lisinii‘
883 3862 935 3916 Μ’
946 3877 1049 3936 llloel’b·
1134 3879 1269 3949 Quoniam
1280 3888 1385 3950 penest
1395 3893 1443 3936 eos
1453 3878 1567 3936 dorsum
1582 3877 1631 3935 :iu
1639 3875 1760 3950 reliquiis
1770 3874 1823 3933 luis
1833 3889 1907 3948 prm-

247 3954 540 4011 rablsuultttnteorum.
1102 3988 1197 4046 parare
1211 3971 1436 4028 rutrumtllorum

284 4046 420 4120 Eaaltnre,
446 4046 568 4119 Domine,
589 4051 617 4106 in
635 4049 730 4111 uirtute
750 4058 798 4108 lua
820 4068 829 4107 .·
848 4053 1010 4112 cantabimus
1023 4065 1049 4111 et
1136 4066 1283 4129 Exultnre,
1302 4065 1433 4132 bomim,
1449 4066 1475 4122 in
1487 4066 1587 4124 rlrtate
1602 4071 1648 4121 tus
1661 4079 1669 4118 ι
1684 4058 1854 4120 eautsbimus
1872 4065 1904 4115 et

251 4140 393 4216 psallemus
408 4141 597 4199 uirtutestuus.
607 4169 617 4216 t
1100 4161 1247 4234 psallemus
1260 4158 1376 4217 virtutes
1389 4169 1459 4217 tuas.

928 4277 1110 4349 PSALMUS
1131 4280 1223 4346 XXl.

301 4385 328 4426 ιιι
348 4385 446 4441 utura,
461 4384 512 4429 naa
527 4384 708 4432 assuurrrone
722 4391 877 4450 strumus,
892 4395 1012 4441 essenus
1135 4400 1163 4442 ur
1187 4395 1268 4439 runnu
1291 4395 1342 4437 rna
1365 4394 1546 4437 sssuurrtnue
1590 4378 1643 4435 ils.
1664 4376 1865 4451 substernens]

605 4459 697 4503 narra.
1190 4468 1339 4521 urrunnu,
1350 4466 1468 4508 mamus
1482 4467 1564 4508 natm
1585 4450 1637 4506 lls.
1649 4464 1700 4506 test
1713 4447 1813 4522 nxrrnl.

285 4555 366 4626 Deus,
383 4555 456 4613 Deus
470 4575 554 4628 naeus,
570 4575 596 4616 -s
618 4563 718 4634 respice
732 4563 760 4618 in
774 4579 814 4618 me
828 4564 840 4635 ζ
855 4581 935 4636 quare
946 4583 988 4624 me
1004 4567 1050 4626 de·
1139 4570 1227 4634 beas,
1245 4568 1317 4624 Deus
1335 4581 1429 4632 meus,
1447 4566 1555 4638 respice
1575 4565 1603 4621 in
1621 4563 1686 4640 [ils.
1705 4571 1777 4621 tseet
1794 4563 1832 4637 iu]
1849 4578 1907 4632 me,

249 4649 399 4723 reliquisti?
414 4648 521 4725 lorpes
539 4650 625 4709 salute
638 4670 695 4711 mea
714 4656 791 4712 uerba
806 4657 962 4716 delictorum
981 4676 1051 4718 mea·
1101 4674 1188 4734 quare
1199 4674 1244 4716 me
1256 4657 1446 4731 dereliquisti?
1458 4656 1540 4731 lunge
1554 4657 1668 4716 asalute
1681 4655 1910 4726 mourerbste·

249 4759 320 4799 '²⁸1²'-
1104 4754 1231 4812 lictorum
1244 4767 1378 4810 mearum.

283 4835 355 4894 Deus
369 4853 449 4906 meus,
466 4839 583 4896 elamabo
598 4856 643 4913 per
656 4843 735 4914 diem,
750 4852 775 4901 et
790 4862 843 4903 stau
859 4847 984 4906 exaudiet
999 4863 1010 4906 .·
1024 4857 1049 4905 rt
1137 4848 1209 4904 neus
1220 4859 1310 4913 meus,
1322 4838 1465 4900 olamnbuh
1479 4854 1528 4912 pet·
1540 4840 1624 4907 diem,
1643 4854 1693 4898 nee
1707 4838 1837 4897 exaudies
1853 4854 1862 4894 t
1877 4838 1907 4895 in

248 4948 333 5008 nnete,
344 4947 371 4996 et
382 4954 434 4994 nou
445 4937 480 4993 ad
492 4936 671 5010 insipientiam
681 4939 757 4997 milri.
1059 4905 1089 4970 D
1100 4949 1190 5013 nocto,
1207 4947 1235 4998 et
1250 4955 1304 4998 nnn
1318 4938 1352 4996 sd
1363 4935 1548 5010 insipientiam
1562 4933 1647 4992 milri:

281 5147 434 5206 aVerbeia
452 5146 1046 5208 naeninnatatis.uranonsnntntoxen·
1097 5153 1197 5202 autera
1214 5159 1275 5216 quse
1289 5148 1443 5215 sequnntur
1455 5137 1558 5196 omnin.
1674 5209 1681 5222 ⁸
1731 5209 1737 5222 .
1829 5209 1835 5219 ι

243 5221 333 5277 uitauit
344 5235 392 5292 pro
405 5220 551 5288 ersubalit,
565 5220 674 5292 sequim·
683 5234 778 5277 massus
790 5219 919 5290 reposuit.
926 5219 1047 5292 benique
1137 5226 1149 5257 ⁸
1167 5218 1250 5274 iidem
1266 5216 1328 5271 libri
1339 5216 1410 5289 petiit
1430 5222 1454 5269 et
1468 5211 1562 5267 dedisti
1577 5208 1795 5294 eilonpuudrnem
1808 5206 1911 5262 drerrm

246 5291 401 5364 Dirtpsolma
415 5291 640 5361 praetermittitur.
1097 5291 1125 5347 in
1136 5299 1260 5346 aetenum
1279 5298 1304 5343 et
1324 5288 1352 5342 in
1372 5285 1495 5342 sutuluus
1517 5282 1625 5339 weulr:
1641 5291 1698 5337 tum
1716 5296 1743 5336 ru
1759 5281 1843 5335 solerte
1863 5287 1910 5334 tua

279 5360 743 5434 biliadeerutquemadPalatia,
764 5360 1045 5419 eadlldemobelum
1103 5361 1291 5435 prosalutori,
1308 5368 1362 5415 ete.
1506 5425 1514 5438 .
1731 5422 1737 5436 ‚
1775 5422 1782 5434 ‚
1875 5420 1882 5432 ,

242 5433 445 5508 praellrirnuset
455 5435 570 5504 noaulm,
584 5452 645 5505 quae
655 5437 683 5490 in
695 5433 777 5490 ilebr.
793 5449 901 5506 quisque
915 5443 989 5490 textu
1006 5445 1047 5488 ta·
1139 5431 1277 5487 ‘Rursum
1293 5447 1325 5486 or
1341 5427 1491 5500 urrgrrstino
1507 5423 1578 5482 idem
1595 5438 1660 5489 ms„
1677 5419 1913 5507 dabrsenbeneslrc·

241 5519 296 5564 eet.
317 5504 402 5560 Paula
412 5505 493 5560 etism
508 5515 569 5578 post
582 5508 616 5563 ad
632 5507 746 5563 verbum
759 5507 893 5576 iurpoues,
912 5506 1048 5577 praepusi·
1100 5512 1214 5571 tionem,
1228 5513 1255 5559 et
1270 5516 1328 5556 oum
1339 5499 1437 5572 pandis
1453 5512 1502 5571 pro
1515 5498 1558 5566 in,
1577 5505 1631 5555 eta.
1649 5513 1656 5551 :
1669 5495 1806 5566 demque,
1821 5501 1913 5564 sperat

239 5579 346 5635 tionem
357 5576 385 5629 iu
398 5574 433 5630 de
446 5590 522 5633 more
537 5578 608 5635 idem
623 5595 674 5635 ms.
692 5592 757 5634 veru
770 5579 886 5649 jugulat.
1103 5579 1132 5631 in
1147 5575 1299 5630 bantinum.
1889 5636 1897 5648 ·

281 5645 394 5704 scarus
412 5655 441 5702 et
466 5647 580 5705 Palatia.
600 5665 653 5706 ms.
674 5647 765 5706 dualia
780 5657 881 5720 puncta
901 5648 947 5721 qui
973 5646 1046 5704 rele-
1139 5657 1153 5695 s
1172 5645 1254 5702 Taoet
1273 5643 1343 5699 idom
1358 5655 1410 5695 ms.
1427 5651 1578 5710 mosrnmen
1591 5654 1649 5708 eos,
1673 5646 1730 5694 tum
1745 5635 1911 5709 preparabis

243 5719 302 5776 tiro
316 5725 485 5786 praeponunt.
1099 5720 1167 5788 lepis
1179 5731 1227 5785 pro
1243 5723 1405 5787 praeparare.
1615 5780 1622 5791 ι

278 5787 293 5827 ¹¹
310 5787 474 5846 Veronensis
487 5790 653 5859 rrrs.,rlrolisri
664 5794 697 5855 ri,
707 5793 897 5847 atuoluurutera
907 5791 1041 5847 labiorum
1134 5789 1244 5845 hlautis
1259 5803 1290 5842 or
1308 5783 1459 5856 nugat-tino
1473 5782 1638 5839 Veronensis
1658 5794 1714 5837 ms.-
1733 5779 1851 5838 uocaus
1869 5780 1907 5834 sel

242 5861 311 5942 Qut·
321 5872 373 5919 nan
388 5861 495 5933 adrasti
506 5863 545 5936 ti,
567 5879 601 5921 ux
614 5863 757 5936 Augustini
773 5864 921 5936 l'snlterinr
934 5872 963 5920 at
977 5872 1042 5921 suras
1095 5873 1120 5919 te
1136 5871 1220 5921 :astru
1234 5870 1258 5917 rt
1272 5852 1344 5915 nocte
1358 5854 1407 5928 pid
1420 5851 1448 5909 iu
1460 5864 1535 5911 stacte
1549 5852 1624 5925 leuit-
