4017 6334
101 319 149 384 iil
480 317 491 330 '
690 318 796 386 ttrite
814 321 837 387 ll
854 320 1142 387 mememorato
1203 333 1208 350 '
1699 328 1753 391 22¹

131 434 215 504 atauo
224 433 264 489 ita
276 435 313 492 ad
325 447 414 520 precer
422 435 727 521 materiamornant,
738 450 767 496 ut
779 442 818 508 ii,
832 442 901 514 puori
914 444 940 508 Δ
953 444 1015 500 iam
1030 445 1062 502 nte
1075 443 1190 502 Iudaico
1199 440 1324 513 coercito,
1338 443 1383 515 qul
1396 443 1752 519 requirituuoompreicmur

98 505 195 576 lactum
209 515 278 565 erat.
293 506 416 562 delutum
431 507 554 565 ollnmoni
566 509 762 567 traiecturae
773 529 832 570 uero
843 516 900 586 sor·
952 524 1002 577 eut.
1018 525 1042 572 et
1055 517 1206 574 conclurus.

97 576 312 633 tramutata
326 576 617 654 lrortalaturpopulum
627 598 777 640 mnuerrare
795 602 822 641 re
845 586 902 642 riae
988 585 1090 644 lterum
1102 605 1149 646 reu
1167 604 1311 645 emmonem
1325 585 1416 644 leniuit
1429 589 1464 643 ael
1486 593 1543 658 eor',
1563 590 1608 662 nui
1629 602 1703 649 eram
1723 594 1752 650 in

98 659 213 731 peccato,
228 649 278 705 uui
290 648 374 734 oralia
385 651 509 735 uiolenter,
523 667 581 725 qua
594 654 665 726 lacto
675 665 736 711 runt
745 673 793 730 pro
806 673 901 728 pecca·
953 657 1110 717 Detlrrnriu:
1125 661 1243 717 lectrum
1256 661 1349 718 emit:
1364 664 1463 732 accepit
1473 675 1484 716 .·
1496 661 1583 718 aliit:

97 730 128 776 tre
137 737 241 790 eorum,
257 738 302 794 qur
332 731 437 779 rortratr
450 734 521 781 runt.
988 732 1122 789 Commisit
1132 749 1191 788 cum
1199 731 1273 788 lunia
1283 748 1293 787 .·
1304 743 1444 860 superatur
1456 741 1505 788 eet.
1518 731 1553 790 ttr
1563 742 1648 789 autern
1659 750 1755 808 capno·

128 791 164 878 Et
179 797 252 878 faeta
274 810 305 849 eo
355 795 426 866 ione,
444 794 582 852 lanterna
596 795 681 878 millia
696 798 835 856 lraclrmar
853 817 900 856 or·
951 804 988 860 rit
998 803 1139 861 rebellante
1157 801 1313 878 Philippum
1350 805 1483 872 nrtoctrta,
1505 805 1552 877 oni
1569 803 1677 862 relictui
1696 817 1754 864 erat

96 873 164 936 perti
177 874 249 920 murt
270 863 468 940 lerorolymam
486 867 577 937 ollerri
592 885 639 937 pro
654 873 766 940 peccatis
784 881 901 928 mortuo·
951 891 1030 947 cuper
1045 877 1159 952 nepotio,
1175 886 1260 932 arente
1276 885 1465 944 oon-sternatur,
1479 875 1587 933 induor
1600 876 1753 950 deprecarer,

96 952 153 1020 run
164 937 342 1010 merificium,
360 938 424 995 lene
436 948 461 995 et
474 939 594 1012 retipiarc
603 940 637 996 tle
649 944 835 1000 rerurrectione
853 960 901 1000 co·
952 946 1125 1021 militatque
1134 949 1264 1033 einp'urat
1276 949 1310 1006 ale
1319 949 1447 1011 annitar,
1457 947 1550 1021 quilla
1556 951 1660 1022 jactum
1670 952 1755 1007 riuum

96 1017 206 1093 armni..
952 1028 991 1075 ert
1012 1034 1023 1074 :
1043 1029 1069 1076 et
1094 1020 1279 1078 reconciliatur
1306 1018 1398 1077 obtulit
1420 1020 1592 1092 sacrificium,
1620 1023 1757 1079 annonarii

128 1079 206 1152 (Nirr
219 1083 290 1139 eninr
302 1099 357 1150 eor.
368 1085 412 1152 aui
426 1085 590 1152 ceciderant,
605 1096 794 1144 resurrectum
807 1104 900 1161 epera-
953 1098 1004 1145 tem
1024 1089 1094 1160 lam,
1110 1100 1135 1148 et
1149 1107 1258 1149 munera
1270 1092 1376 1166 potuit:

95 1161 141 1219 ret,
153 1155 320 1236 ruperlluum
331 1153 610 1225 marconeicurtem
619 1175 696 1216 orare
706 1176 754 1232 pro
766 1158 900 1232 niortuir.)
1020 1161 1171 1220 unrocum
1189 1164 1353 1237 amplexatur
1366 1172 1415 1228 eet,
1436 1172 1461 1218 et
1478 1163 1540 1234 lecit
1555 1181 1613 1219 euru
1632 1163 1755 1223 aPtole·

126 1223 166 1279 Et
176 1241 240 1297 aura
252 1226 513 1297 concideraiataaorl
522 1230 561 1296 lri,
573 1231 618 1297 aui
627 1247 688 1286 rum
697 1233 792 1304 pietate
802 1232 902 1287 lormi-
952 1233 1040 1289 maiole
1051 1251 1133 1306 utque
1146 1235 1181 1290 orl
1195 1233 1324 1292 Gerrenor
1337 1235 1430 1292 durem
1442 1243 1467 1291 et
1481 1236 1636 1306 principem.

95 1296 191 1352 tionem
209 1308 375 1369 acceperant,
390 1301 516 1373 optimam
538 1299 661 1358 talarno
674 1304 817 1368 repartum
837 1319 899 1376 pro·
990 1304 1025 1361 lit
1039 1315 1126 1362 autem
1135 1309 1205 1363 uenit
1217 1305 1420 1374 Ptolemaietam,
1432 1307 1545 1378 praviter
1559 1307 1677 1380 [malunt
1688 1307 1754 1366 Pto·

97 1369 183 1424 tiaru:
646 1401 655 1414 =
860 1395 864 1403 ¹
952 1377 1431 1448 lemenreramicitiaconnentionenr,
1448 1379 1629 1451 indipnanter,
1646 1381 1756 1453 aesorte

130 1441 234 1498 Sancta
246 1458 326 1516 erpo,
346 1453 372 1501 et
391 1442 505 1503 ratutrtr
519 1454 557 1502 cut
575 1446 698 1519 capitolio
712 1463 761 1520 pro
774 1447 901 1518 ieiunatis
953 1449 1037 1520 {adue
1047 1450 1231 1522 irrumperem.

96 1529 216 1582 eaorare,
229 1523 260 1570 ut
272 1531 289 1570 a
301 1517 414 1586 amantia
423 1517 568 1574 roloontur.
988 1521 1063 1578 Tunc
1074 1522 1192 1578 accendit
1202 1521 1296 1595 Lyciae
1308 1522 1435 1592 tribunal,
1446 1532 1471 1580 et
1481 1524 1602 1596 caperrat
1612 1526 1752 1592 rationem.

399 1626 598 1713 ffltvttsst·
952 1593 1695 1740 ttttlltlllln,02tt⁰t⁸ttttt‚⁶;tltllt'¹‘“”¹
1708 1613 1718 1654 ·'
1731 1609 1755 1655 “

126 1732 364 1792 Aunoceuteuimo
377 1733 576 1806 quadroaerineo
593 1735 901 1810 nono‚eopnoritluclar
1318 1708 1326 1736 ’

95 1801 255 1862 Antiochum
269 1805 431 1880 Eupatorem
445 1807 532 1862 venire
550 1822 611 1862 eum
625 1807 794 1864 multitudine
809 1810 900 1865 alaer-
1152 1877 1159 1889 ,
1214 1876 1230 1890 ..
1250 1773 1366 1878 CAPUT
1385 1773 1468 1890 m]
1675 1883 1681 1893 ·

94 1893 135 1932 rur
149 1874 291 1947 laeam,
914 1852 940 1914 Β
989 1874 1045 1932 Sed
1054 1887 1114 1949 port
1125 1885 1232 1932 trreunru
1244 1885 1345 1946 tempor
1360 1887 1481 1950 capuerat
1490 1876 1586 1946 lutiae,
1601 1888 1624 1935 et
1637 1896 1681 1953 qur
1695 1897 1753 1939 cum

127 1949 167 2004 Et
181 1967 282 2008 cumea
293 1949 401 2024 Durium
413 1959 619 2020 procuratorem,
634 1959 661 2006 et
673 1953 843 2023 prepositum
856 1969 902 2010 ne-
952 1962 983 2004 eo
994 1957 1080 2014 erant,
1097 1948 1261 2005 Demetrium
1276 1947 1382 2004 Soleuoi
1395 1965 1455 2004 cum
1467 1950 1640 2006 multitudine
1653 1954 1752 2022 valida,

95 2021 242 2092 potiorum,
265 2039 352 2079 recum
380 2023 515 2079 lenientem
537 2020 656 2094 peditum
685 2034 788 2080 eentum
813 2025 903 2080 aecem
952 2020 1110 2090 etaouilur,
1134 2035 1180 2093 per
1201 2029 1305 2094 portum
1326 2017 1441 2090 Tripolis
1463 2022 1611 2079 accendisse
1636 2024 1671 2079 orl
1695 2027 1753 2082 loeo

95 2091 198 2161 millia,
223 2103 249 2150 et
267 2096 381 2164 eauitum
393 2097 506 2168 quiaque
519 2095 613 2164 millio,
627 2103 652 2149 et
677 2095 719 2150 ΑΙ.
737 2105 790 2152 teo.
804 2097 837 2169 rt]
848 2098 901 2153 ele·
952 2101 1115 2164 opporteat·
1219 2165 1225 2177 Ι

95 2164 207 2236 piuntou
221 2168 315 2240 ripinti
324 2167 402 2234 duae,
414 2183 507 2224 currui
526 2183 586 2222 rum
601 2167 665 2238 salci
683 2184 713 2222 ue
726 2176 865 2225 trecentae.
987 2163 1024 2220 Et
1039 2166 1151 2221 tenuiuuo
1170 2179 1288 2238 reproner
1301 2164 1425 2221 adrerum
1442 2165 1608 2238 Antiochum,
1624 2177 1649 2222 et
1661 2168 1754 2228 iacent

127 2237 301 2295 Commirruit
313 2247 400 2294 autem
413 2255 441 2294 re
454 2239 542 2295 illicet
553 2237 707 2294 Nenelour:
718 2251 808 2294 etrum
819 2241 902 2296 multo
952 2236 1009 2310 ejus
1024 2236 1141 2310 Lyriam.

95 2310 207 2379 lutacio
218 2310 409 2384 deprecabatur
422 2309 591 2380 Antiorltum,
606 2327 659 2366 non
680 2326 728 2384 pro
747 2313 841 2382 patria
859 2329 903 2369 aa·
987 2307 1202 2365 Alcimuuoutenr
1212 2309 1330 2382 quidam,
1339 2309 1385 2381 oui
1394 2325 1511 2367 remmur
1524 2314 1645 2370 cacerias
1657 2321 1753 2389 lucror,

97 2381 160 2447 tute,
172 2383 221 2438 ret
234 2398 343 2455 uparanr
356 2399 384 2438 re
396 2384 522 2438 corretitui
534 2383 563 2437 in
574 2382 760 2454 principatum.
952 2380 1753 2455 tearolnntarr'ecoinquinaturcettemporiluaeommiationir,

129 2453 189 2510 Seri
201 2470 248 2511 reu
265 2471 355 2528 repum
364 2455 499 2511 amcitauit
508 2452 739 2510 animouAntiocil
749 2456 776 2509 in
786 2466 903 2528 peceato-
952 2454 1121 2509 comteeraar
1133 2453 1208 2510 nullo
1222 2454 1299 2510 morlo
1309 2453 1359 2509 rili
1371 2469 1426 2510 orae
1435 2453 1558 2526 ralutcm,
1572 2473 1654 2528 neque
1665 2475 1754 2516 accer-

95 2540 150 2580 rem
171 2535 222 2583 :et
240 2535 393 2602 cuppaente
412 2525 493 2598 Duria
506 2529 575 2585 nune
597 2542 651 2584 erue
672 2542 777 2582 caueam
789 2529 904 2584 omnium
952 2540 1013 2580 rum
1027 2525 1062 2579 orl
1076 2527 1170 2581 altare.

95 2597 238 2664 malorum,
249 2597 381 2672 juaritlut
390 2599 477 2654 eireet
486 2596 658 2670 aaronita)
673 2597 862 2670 opprelrenrum
875 2601 904 2656 ν’νν
993 2595 1069 2653 Venit
1084 2597 1118 2652 ari
1141 2614 1170 2653 re
1188 2614 1228 2653 ear
1249 2595 1410 2655 Demetrium
1432 2598 1570 2655 eenuumo
1593 2605 1756 2678 quinquape·

94 2669 186 2725 eoeeru
198 2671 256 2726 toea
269 2672 370 2727 necari.
952 2669 1019 2724 rimo
1039 2685 1120 2735 anno,
1141 2615 1254 2738 olferenr
1269 2670 1293 2724 ei
1311 2685 1435 2725 coronam
1454 2685 1574 2738 auream,
1588 2683 1613 2729 et
1627 2676 1752 2744 palmam.

127 2739 199 2796 Erat
214 2751 301 2800 autem
313 2743 441 2800 iueorlem
454 2743 513 2800 loeo
528 2743 609 2800 turris
621 2742 811 2815 quinquaqinta
829 2743 903 2800 cuii·
951 2741 1095 2814 reperiar
1114 2751 1138 2796 et
1154 2741 1267 2809 tlrallor,
1288 2741 1333 2812 qui
1355 2740 1442 2814 templi
1461 2756 1516 2798 erre
1534 2743 1697 2802 atterantur.
1720 2747 1753 2804 lit

97 2821 200 2880 torum,
219 2823 358 2888 oppertum
375 2816 493 2888 undique
513 2813 611 2872 ltalcnr
630 2815 749 2870 cineris:
768 2814 823 2871 inec
841 2833 903 2889 pra-
952 2812 1010 2885 ipra
1022 2813 1127 2885 quirlem
1142 2813 1183 2869 elie
1193 2814 1278 2869 siluit.

96 2893 215 2956 spectum
226 2886 340 2944 lralelrot
353 2888 382 2942 in
397 2903 524 2960 moeaepr.
990 2881 1102 2956 Tempus
1122 2896 1210 2942 autern
1230 2893 1406 2958 opportunam
1427 2885 1562 2943 dementire
1580 2904 1636 2944 unte
1651 2899 1754 2961 nactur,

129 2957 203 3014 lade
223 2959 254 3014 ν’νν
273 2960 387 3015 cinerem
406 2960 488 3033 atejici
503 2958 586 3034 ,inurit
602 2959 768 3032 tacrilepuat,
784 2961 904 3018 omnilruu
952 2966 1108 3041 convocatur
1129 2975 1145 3013 a
1167 2956 1299 3042 Demetrio
1321 2954 1356 3010 aa
1376 2957 1524 3042 mutilium,
1540 2967 1564 3016 et
1579 2960 1756 3036 iuterropatnr

96 3031 619 3178 “Zplmet‘pbrgssgxaecffrnltepir
638 3104 747 3178 contipit
759 3105 840 3173 mori,
852 3121 902 3161 nea
952 3028 1136 3173 qntlbigpsoerexil
1142 3040 1168 3156 et
1173 3045 1195 3156 1⁶
1197 3030 1300 3171 ⁰2:¹2ss
1308 3026 1573 3160 srzgrfitztroenrlesrlfflgi
1585 3103 1754 3177 ludceornm,

96 3173 245 3230 unanimi
286 3175 417 3232 metam,
955 3171 1049 3242 quitur
1072 3183 1163 3245 praeut
1198 3172 1263 3229 uiae
1289 3169 1469 3241 noanneane,
1494 3173 1562 3231 lello
1584 3179 1711 3245 nutriunt,
1731 3192 1755 3236 et

129 3244 168 3302 lit
185 3246 294 3317 quidem
306 3249 372 3302 rotie
383 3248 456 3318 juste
468 3263 477 3304 .·
491 3264 552 3303 narn
564 3249 627 3320 auia
643 3248 729 3306 multa
747 3265 809 3323 erpa
827 3265 901 3305 marn
913 3243 938 3309 C
952 3244 1094 3302 reditiones
1105 3255 1217 3309 monent,
1229 3261 1275 3300 nec
1289 3243 1426 3314 patiuntur
1436 3261 1546 3317 reanum
1559 3263 1615 3303 erre
1626 3251 1752 3321 quietum.
1853 3262 1856 3270 ·

98 3316 149 3373 Dei
159 3317 259 3374 delicto
273 3319 499 3394 comourit,cujuc
510 3321 624 3394 ipnie,ee
635 3321 701 3377 cinit
714 3330 900 3390 matronatus,
991 3315 1063 3374 Nam
1076 3328 1100 3373 et
1112 3335 1160 3392 epo
1173 3315 1350 3387 defraudatur
1365 3326 1503 3387 parentum
1517 3316 1602 3390 pluria
1619 3320 1694 3392 (lico
1708 3339 1756 3378 au·
1770 3345 1775 3354 ·

95 3389 149 3461 ipae
158 3390 188 3445 iu
202 3391 299 3446 cirreric
314 3399 395 3446 morte
410 3393 549 3448 damnatur
564 3403 611 3449 eet.
956 3398 1006 3444 tem
1019 3406 1121 3445 rumino
1135 3387 1306 3458 tornareto),
1319 3387 1368 3442 iue
1381 3391 1448 3444 veni.

130 3460 189 3518 Sed
198 3477 247 3518 rea
261 3470 348 3518 mente
358 3463 503 3533 effrenatur
511 3465 641 3535 veniebat,
659 3467 845 3536 mauioremre
855 3483 903 3539 pa-
991 3459 1084 3517 Primo
1098 3463 1203 3532 arielem
1221 3460 1380 3516 utilitatilrnr
1401 3461 1470 3535 reple
1484 3461 1562 3531 pidem
1577 3481 1698 3534 remant,
1715 3483 1756 3525 re·

95 3541 133 3588 tre
147 3551 199 3589 ruo
211 3531 316 3590 luareie
325 3543 486 3593 ortenrurur.
954 3535 1042 3589 cundo
1056 3540 1143 3589 antem
1157 3535 1235 3590 etianr
1250 3530 1303 3605 [nt.
1318 3541 1371 3586 tac.
1382 3531 1472 3604 etiarn]
1485 3532 1584 3589 rioilur
1597 3537 1734 3594 consulens
1745 3556 1755 3595 .·

131 3604 236 3674 Quiiuu
250 3603 338 3662 ludar
352 3608 475 3680 capnitis,
496 3610 619 3681 pracepit
640 3608 792 3682 populant
810 3609 854 3665 die
871 3625 902 3664 oo
954 3621 1016 3662 nam
1028 3605 1135 3660 illorum
1149 3605 1277 3679 pronitate
1296 3603 1443 3659 univercum
1464 3619 1545 3676 penne
1563 3615 1683 3664 noctram
1703 3627 1754 3668 noa

94 3686 171 3733 uocte
182 3675 330 3733 Dominum
343 3679 505 3752 invocarent,
517 3681 574 3752 qui,
588 3683 657 3737 cient
669 3697 779 3754 semper,
796 3692 821 3737 et
834 3697 903 3737 nunc
953 3677 1059 3732 minime
1072 3687 1191 3733 uenator.
1319 3745 1320 3748 Ἴ

94 3749 238 3819 adjuraret
251 3765 317 3806 eor:
991 3746 1045 3805 See
1061 3765 1118 3816 oro,
1128 3748 1170 3806 ln'r
1183 3746 1304 3821 einpulir,
1320 3761 1335 3802 o
1349 3763 1412 3814 rea,
1426 3748 1552 3820 capnitis,
1568 3759 1593 3807 et
1605 3753 1714 3824 replumi,
1732 3765 1757 3810 et

131 3819 238 3896 Quippe
250 3823 297 3894 aui
311 3822 378 3893 leae,
390 3831 415 3879 et
426 3823 525 3896 patria,
538 3834 678 3897 sanctonae
694 3834 744 3881 tem
764 3825 789 3881 io
805 3825 904 3898 priaari
954 3821 1042 3894 penori
1079 3821 1219 3876 reerrnrlum
1251 3817 1438 3874 irunronitotenr
1468 3830 1539 3874 tuone
1574 3827 1755 3898 perralputam

93 3902 316 3950 emerenturrac
336 3896 474 3966 populum,
491 3896 536 3981 qui
557 3913 643 3970 nuper
657 3843 798 3966 pantanum
818 3913 858 3954 rer
882 3898 903 3941 '-
956 3892 1216 3978 amailurprorpiee.
1474 3964 1480 3976 ,
1573 3967 1606 3978 ..

93 3975 190 4034 meet,
205 3983 239 4022 ue
248 3966 345 4021 maeret
359 3966 517 4038 llarplemrr
529 3983 623 4024 rurrur
636 3969 786 4024 nationibus
798 3914 888 4024 uuiN.t
991 3961 1074 4027 Nam.
1088 3964 1214 4036 quantita
1226 3973 1343 4036 rupereat
1355 3962 1457 4031 tuam,
1471 3964 1632 4036 emporerlnle
1643 3977 1691 4036 eat,
1704 3986 1753 4042 pa·

130 4035 365 4122 Dauailruritaque
379 4039 459 4094 timul
471 4038 500 4094 iel
514 4039 680 4110 lameritilur.
693 4049 719 4095 et
731 4041 904 4113 petentilruaa
955 4052 1009 4094 cem
1021 4053 1075 4093 erre
1088 4037 1209 4110 nepotiir.

95 4106 215 4165 Domino
238 4110 446 4166 mementorum
459 4127 519 4166 cum
539 4115 604 4185 lietu
618 4121 643 4166 et
657 4112 782 4188 jejuniis,
797 4129 843 4186 per
856 4115 904 4168 tri·
993 4108 1199 4165 Talilnrontcm
1215 4107 1310 4164 aileoc
1324 4107 1411 4174 lictis,
1426 4115 1450 4162 ot
1465 4109 1550 4164 careri
1566 4112 1655 4179 amici,
1669 4112 1754 4170 leorti-
1873 4133 1876 4139 ·

94 4179 181 4236 eluunt
195 4181 350 4237 continuum
364 4185 514 4254 prostratio,
528 4182 903 4253 naturamnaturaim
956 4180 1016 4236 liter
1025 4199 1057 4266 pe
1067 4181 1190 4237 lraienter
1200 4180 1323 4236 adnerruu
1336 4179 1447 4248 tutan,
1461 4183 1687 4253 inptannnarerunt
1702 4185 1756 4243 De·

91 4267 120 4306 uc
239 4263 326 4311 areat.
955 4263 1086 4311 metitum.

148 4270 280 4395 pmmo
294 4343 355 4381 cum
373 4326 519 4383 contaretur
534 4328 656 4399 copitorit
668 4329 741 4400 priua
759 4344 838 4400 quam
858 4344 905 4385 rea
993 4326 1046 4395 Qui
1057 4327 1144 4382 rtatim
1155 4324 1315 4382 Nicanorem
1325 4323 1493 4398 praepositam
1504 4325 1756 4398 eleplrantorurnrln·

93 4396 251 4455 admoneret
264 4398 411 4454 exercitum
424 4399 460 4454 aa
476 4397 609 4464 iudaeam,
631 4409 657 4456 et
675 4402 800 4456 obtineret
812 4401 902 4456 cirita·
956 4413 1010 4453 eene
1024 4398 1132 4454 micitia
1146 4398 1288 4455 luioeom:

94 4477 162 4530 terrr.
178 4470 263 4542 wire,
281 4477 307 4525 ct
319 4469 426 4526 Domini
438 4470 537 4539 iudicio
552 4474 714 4528 committere
725 4474 822 4528 ruitum
835 4474 884 4527 rei.
992 4467 1070 4526 Dacia
1085 4471 1231 4533 morriotir,
1250 4477 1279 4524 nt
1298 4470 1386 4538 iprum
1400 4470 1504 4540 quidem
1518 4467 1617 4526 laetam
1633 4483 1755 4541 caperat:

129 4538 214 4598 Dana
231 4544 322 4615 itam
344 4550 499 4614 potertatem
517 4545 633 4599 omnium
646 4543 703 4600 Deo
717 4543 809 4600 muner·
832 4560 904 4600 crea-
956 4559 1001 4598 eor
1012 4559 1082 4611 nero,
1094 4544 1139 4613 qni
1149 4558 1208 4597 earu
1218 4541 1265 4598 illo
1275 4552 1360 4607 erant,
1373 4541 1543 4612 iiaperaeret,
1554 4554 1579 4597 et
1589 4547 1756 4603 constitueret

94 4611 161 4680 tori,
171 4613 362 4670 etcaiortatru
372 4631 445 4685 tuor,
457 4624 486 4670 ut
498 4616 600 4687 sortiter
609 4615 775 4679 linricarent.
787 4626 812 4671 ct
823 4632 904 4684 arone
917 4651 945 4715 D
957 4614 1086 4668 Alcimum
1101 4614 1208 4670 marinii
1224 4614 1312 4685 templi
1330 4627 1462 4667 runtnrnnt
1476 4615 1646 4670 saceraotem.

92 4683 129 4738 ot
142 4694 259 4740 mortem
269 4700 318 4758 pro
332 4685 441 4759 lapillus,
453 4687 560 4759 tcotplo,
571 4687 684 4755 ciuitate,
696 4689 794 4760 patrio,
806 4696 830 4743 et
840 4688 904 4743 riri·
991 4684 1066 4740 Tune
1078 4694 1176 4758 pentec,
1189 4699 1248 4756 quoe
1262 4686 1293 4739 ele
1306 4680 1401 4766 Jnrlrra
1415 4687 1534 4766 superant
1545 4685 1650 4749 luciana,
1665 4705 1755 4762 prepo-

93 4752 142 4809 lua
156 4763 275 4826 utorcnt,
291 4756 364 4812 eirca
378 4755 472 4813 Nolite
486 4760 628 4815 camatero
638 4762 784 4816 conutituit.
956 4757 1003 4812 tim
1014 4772 1041 4812 re
1052 4756 1180 4812 Nicanori
1195 4755 1345 4820 miscebant,
1366 4771 1495 4822 misertas,
1510 4768 1534 4812 et
1547 4758 1634 4812 clades
1644 4758 1755 4816 laelan-

131 4825 168 4882 Et
179 4827 245 4884 dato
256 4829 333 4902 cipro
344 4829 401 4884 uuir
410 4828 462 4885 Dei
471 4829 596 4899 maome,
603 4832 743 4915 juveniles
756 4831 905 4902 lortirtlneir
956 4845 1015 4883 rum
1029 4828 1212 4901 prosperitates
1227 4843 1316 4882 rerunt
1328 4843 1435 4882 rnarnnr
1449 4830 1634 4888 euictinrontea.

91 4897 203 4967 electiu,
216 4908 292 4955 nocte
301 4916 441 4972 apareum
453 4901 547 4957 aulam
556 4918 668 4975 reprom,
678 4905 708 4958 in
718 4903 811 4958 cartrir
824 4903 906 4958 inter·
992 4901 1088 4956 Audito
1103 4899 1188 4971 itaque
1197 4897 1286 4956 ludaei
1302 4897 1446 4954 Nicanorir
1456 4899 1578 4967 aduentu,
1593 4910 1617 4955 et
1629 4914 1755 4960 conuentu

90 4970 159 5040 lecit
180 4972 253 5027 uiroc
265 4981 381 5056 quatuor
394 4971 497 5040 millia,
512 4983 538 5029 rt
552 4975 696 5030 memmium
709 4973 906 5047 neptanrorum
956 4972 1104 5040 notionum,
1116 4971 1247 5044 comperii
1262 4981 1331 5028 terra
1345 4969 1471 5041 ropalront
1483 4987 1551 5032 eum.
1569 4973 1613 5040 pai
1629 4974 1755 5043 populum

89 5057 154 5096 νννννν
167 5041 215 5096 leia
227 5059 274 5116 qur
288 5045 447 5118 ruperporiti
461 5048 587 5116 lucrant:
956 5061 1035 5100 suurn
1044 5043 1189 5106 constituit,
1198 5051 1227 5099 ut
1237 5043 1263 5098 in
1277 5051 1403 5098 aeternnm
1414 5043 1563 5112 ourtoairet,
1576 5045 1671 5115 quique
1681 5063 1756 5104 ruam

127 5113 303 5187 Summaque
316 5122 397 5187 νννιννν,
420 5133 451 5172 oc
469 5117 661 5190 perturbatione
681 5118 796 5174 hortium
816 5130 904 5174 carna
957 5118 1103 5189 portionem
1114 5116 1197 5189 aipein
1210 5114 1369 5171 euiierrtilnr
1382 5115 1501 5184 protepr't.

88 5184 244 5257 replemur,
258 5186 336 5243 relus
347 5203 472 5262 prorpere
484 5190 575 5263 pectit,
591 5189 721 5246 altmar.
795 5183 799 5191 ’
994 5185 1145 5258 imperante
1154 5197 1241 5244 autern
1251 5187 1326 5253 aare,
1340 5186 1426 5240 rtatim
1439 5184 1500 5240 inde
1511 5195 1652 5257 mouerunt,
1664 5207 1757 5249 correa-

128 5255 200 5312 lloc
214 5255 304 5326 autem
325 5261 424 5332 [aarum
443 5269 481 5316 ert
499 5261 541 5318 ilie
560 5262 739 5332 illucescente,
762 5263 905 5336 adjurante
957 5269 1101 5332 neruntque
1113 5258 1147 5315 ad
1161 5257 1297 5315 tortellum
1307 5256 1419 5312 Derrau.
1446 5326 1452 5338 Ι

89 5343 153 5382 eum
167 5326 281 5386 Domini
293 5329 465 5404 protectione.
995 5332 1088 5389 Simon
1100 5347 1158 5386 uero
1173 5335 1254 5403 [rator
1267 5328 1347 5385 tneo
1359 5338 1522 5382 commiserat
1532 5346 1591 5386 eum
1608 5329 1757 5393 Nicanore:

127 5401 193 5456 see
212 5415 269 5463 rea.
290 5411 395 5475 arrepto
421 5413 498 5476 quatu
520 5406 640 5463 audacie
657 5404 828 5474 ludaeorum,
849 5414 905 5461 orte
958 5403 1004 5459 recl
1018 5404 1172 5458 conterritus
1191 5410 1228 5458 ert
1243 5399 1502 5482 repentinoarlnentu
1515 5402 1735 5463 aduersariorum.

87 5471 282 5542 difficultatem
295 5476 413 5530 locorum
425 5477 548 5533 tentabat.
996 5474 1113 5531 Nicanor
1125 5481 1222 5538 tannen,
1238 5474 1346 5527 anilem
1364 5481 1483 5526 rietatem
1495 5476 1618 5530 comitum
1632 5474 1720 5544 lutee,
1735 5492 1759 5538 er

126 5543 168 5600 Et
184 5540 336 5611 Demeam,
352 5561 410 5616 aaa
421 5557 475 5603 erat
486 5547 641 5606 ludaeorum
652 5550 806 5623 pratillum
818 5551 905 5604 muni·
958 5547 1042 5602 animi
1056 5544 1271 5617 mopnitnelinem,
1292 5559 1369 5609 auant
1390 5557 1437 5609 pro
1458 5547 1552 5615 patriae
1575 5551 1758 5610 certonriniiue

86 5623 160 5682 itm.
179 5625 273 5672 wita
282 5617 446 5687 admovebat,
458 5620 504 5676 aed
513 5621 663 5695 sepeliatur,
673 5623 844 5695 impinpeiat,
857 5622 905 5676 mi-
958 5619 1096 5684 lrolrelront,
1112 5617 1238 5690 conquire
1249 5616 1379 5689 judicium
1395 5615 1480 5687 socero
1491 5619 1629 5677 metuebat.

86 5687 255 5745 uoralatm.
996 5689 1170 5758 Quamobrem
1193 5686 1318 5760 premisit
1340 5685 1525 5758 l'oriioniurn,
1544 5701 1568 5747 et
1579 5688 1757 5754 Theodoriana

88 5759 189 5888 ΙώΙΙίν
204 5767 304 5830 amem,
317 5761 365 5834 aui
377 5765 547 5837 intuterant,
568 5764 656 5824 ludar
678 5769 824 5824 neocororia
842 5766 904 5821 mit·
960 5761 1015 5836 lii.
1030 5758 1231 5844 Theodotiunrl,
1249 5769 1275 5816 et
1294 5758 1450 5828 llattiianr,
1464 5770 1493 5816 ut
1518 5761 1609 5820 darent
1635 5767 1755 5837 elcanae,

131 5841 178 5888 at.
771 5852 774 5855 ·
958 5850 976 5888 a
1022 5848 1103 5889 eaeor
1121 5842 1203 5888 erent.

128 5901 293 5962 Enumtmit
313 5915 402 5963 oatem
418 5912 543 5982 mysteria
558 5911 676 5971 irrutilet
691 5910 836 5970 aaronem
848 5909 906 5983 aui-
976 5842 1031 5962 milit
1043 5849 1167 5962 canapeia
1182 5904 1216 5963 ale
1228 5904 1270 5962 irie
1284 5905 1422 5964 camiliani
1437 5915 1568 5982 operetur,
1584 5915 1607 5963 et
1624 5908 1682 5979 ipre
1702 5913 1758 5971 aaa

248 6002 391 6069 Panae.
414 6005 539 6074 xxtx.
1422 6001 1460 6061 1⁷
