4017 6334
256 282 308 343 tttt
760 281 792 348 Β.
811 281 1003 352 dttodttttti
1018 284 1133 353 nitide
1155 289 1396 354 otetidt’ttecl.
1855 292 1906 356 titt

256 400 360 460 circum
382 417 423 474 ss,
445 404 528 475 lussit
553 403 594 462 lre
609 411 685 463 trans
704 403 816 464 fretum.
834 406 944 481 lurotu,-
965 407 1005 481 5.]
1023 407 1058 464 lit
1110 412 1207 486 [xxxin
1223 412 1265 486 9.]
1282 413 1315 470 Et
1330 411 1433 468 lactum
1447 416 1501 477 est,
1518 405 1709 466 discumbente
1722 421 1757 464 eo
1773 407 1799 464 in
1814 408 1904 474 domn,

257 495 392 553 accedens
407 514 477 554 nnus
489 497 597 567 Scriba,
612 500 651 556 uit
665 500 706 557 illi
721 519 728 557 r
744 500 884 572 llagister,
901 517 1002 574 sequar
1019 511 1057 571 te,
1111 519 1177 563 ecce
1195 505 1275 561 multi
1297 503 1434 576 publicani
1456 511 1483 559 et
1505 509 1663 571 peccatores
1681 501 1838 569 venientes,
1854 501 1908 556 dis-

257 604 432 663 quoeumque
453 593 529 650 ieris.
548 594 582 650 lit
602 594 670 650 dicit
689 594 715 651 ei
729 595 831 651 lesus:
846 596 949 667 Vulpes
965 595 1058 653 leucos
1109 598 1276 655 cumbelrant
1291 612 1354 654 «num
1368 596 1446 664 lesit,
1462 603 1490 651 et
1504 593 1647 666 discipulis
1657 593 1726 666 ejus.
1740 595 1774 649 Et
1784 592 1906 650 ntdemes

256 682 375 753 liabent,
387 687 551 744 etrolncres
565 687 629 745 eoeli
640 688 720 746 nidos
733 705 741 757 ;
756 689 827 744 ilites
838 698 930 746 autem
940 689 1057 746 bominis
1109 689 1253 757 etiamst,
1270 689 1395 748 dicebaut
1417 687 1558 760 discipulis
1575 687 1637 758 eius
1650 704 1658 743 r
1672 685 1763 756 Quare
1783 701 1846 743 cum
1860 701 1907 758 po·

258 793 313 836 noo
328 779 411 837 babet
423 780 469 838 ubi
482 791 567 851 caput
581 783 708 840 reclinet.
723 782 803 838 illius
818 791 910 838 amem
923 781 959 837 de
973 781 1057 839 disci·
1109 783 1225 841 bliccnis
1241 793 1270 840 et
1288 783 1481 856 peccatoribus
1496 781 1642 840 manducet
1656 781 1784 854 Magister
1798 781 1906 838 resteri

255 872 328 944 pulis
351 871 411 947 ejus
433 875 473 932 ait
486 874 527 933 illi
543 893 551 930 :
566 876 691 946 bomine,
716 876 846 948 permitte
867 891 912 932 me
936 875 1055 948 primunt
1108 873 1669 951 [txrtrnmilitlesusaudiens,ait:llon
1684 875 1907 948 estopnsralen·

255 964 309 1034 iro,
321 973 350 1024 et
364 967 484 1039 sepelire
498 976 605 1040 patrem
619 983 722 1025 meum.
737 967 819 1024 lesus
830 979 922 1023 antem
937 967 1028 1024 cirilli
1047 985 1054 1021 ε
1109 969 1379 1039 tibusmedicus,sed
1393 968 1648 1026 molebobentibus.
1658 967 1908 1025 Euntesautemdi·

253 1059 376 1134 Sequere
399 1077 454 1128 me,
470 1071 499 1120 et
519 1062 628 1120 dimitte
644 1071 768 1118 mortuos
789 1060 910 1132 sepelire
929 1069 1055 1119 mortuos
1107 1063 1175 1121 scite
1189 1063 1905 1136 quidest:Misericordiamnolmetnonsacrificium.

256 1167 332 1212 suos.
350 1152 436 1227 [xxrx,
446 1153 488 1227 ἢ]
500 1155 534 1211 Ει
546 1153 715 1212 ascendente
731 1170 765 1211 eo
783 1153 810 1210 ln
829 1153 994 1222 naviculam,
1010 1167 1053 1212 sc·
1107 1155 1165 1214 Non
1180 1158 1254 1214 enim
1276 1157 1339 1214 neni
1351 1171 1452 1214 vocare
1462 1156 1562 1228 justos,
1574 1155 1623 1214 sed
1639 1166 1814 1229 peccatores.
1829 1156 1906 1215 Tunc

253 1248 310 1304 cuti
321 1254 459 1305 sonteom
474 1247 600 1319 discipuli
612 1248 674 1319 eius
688 1265 697 1305 r
712 1257 740 1305 et
754 1262 820 1306 ecce
835 1255 925 1303 motus
939 1261 1053 1318 magnus
1107 1259 1285 1306 accesserunt
1307 1248 1342 1305 ad
1366 1263 1428 1305 eum
1459 1248 1588 1322 discipuli
1610 1248 1735 1318 loannis,
1757 1249 1904 1308 dicentes:

253 1340 343 1399 lectus
355 1351 399 1398 est
414 1342 442 1397 in
459 1343 540 1413 mari,
553 1343 589 1398 ita
607 1349 638 1398 ut
652 1342 777 1399 nauicula
793 1341 951 1413 operiretur
964 1341 1054 1400 doeti-
1104 1340 1195 1411 Quare
1219 1357 1287 1413 nos,
1311 1351 1339 1400 et
1356 1341 1517 1411 Pharisaei,
1544 1341 1701 1414 iejttnamus
1721 1343 1904 1414 insequenter:

252 1434 316 1506 bus,
333 1437 393 1508 ipse
412 1451 478 1493 uero
500 1435 667 1494 dormiebat.
683 1437 718 1493 Et
737 1444 917 1494 accesserunt
941 1436 974 1491 nd
991 1451 1053 1492 enm
1113 1435 1242 1509 discipuli
1266 1445 1357 1492 nutem
1392 1437 1429 1492 tui
1460 1449 1515 1492 non
1544 1435 1694 1507 jejnnantl
1720 1435 1757 1492 Et
1783 1437 1824 1491 ait
1851 1435 1907 1494 illis

254 1527 407 1601 adiscipuli
433 1529 504 1600 eius,
520 1540 550 1588 et
573 1529 780 1587 suscitaverunt
804 1547 881 1600 eum,
905 1532 1053 1589 dicentes:
1105 1528 1186 1588 lesus
1217 1547 1224 1584 τ
1253 1528 1391 1602 Numquid
1435 1538 1550 1600 pussnnt
1589 1529 1638 1586 iiiii
1673 1529 1767 1602 spousi
1806 1531 1904 1602 lugere

253 1623 381 1693 domnine,
404 1624 480 1680 salva
507 1639 568 1695 uos,
587 1623 719 1697 perimus.
734 1625 769 1682 Et
794 1624 861 1681 dicit
883 1626 925 1683 eis
949 1624 1029 1681 lesos
1045 1639 1052 1676 ε
1105 1623 1234 1698 quamdiu
1248 1639 1309 1682 eunt
1323 1622 1379 1680 illis
1394 1630 1437 1680 est
1450 1623 1590 1695 sponsusl
1605 1623 1723 1680 Venient
1737 1632 1830 1681 autem
1844 1622 1904 1682 dies

251 1715 323 1787 Quid
339 1717 428 1773 duddi
443 1716 524 1788 estis,
541 1716 658 1774 modice
671 1715 752 1773 indcil
763 1717 841 1776 Tunc
857 1732 984 1791 surgens,
1002 1717 1055 1773 im⁴
1104 1734 1167 1775 cum
1188 1717 1328 1774 auleretur
1343 1716 1427 1774 abeis
1454 1731 1585 1788 sponsus,
1599 1725 1627 1774 et
1646 1724 1711 1772 tnnc
1728 1716 1905 1790 jejunabunt.

250 1811 361 1883 petavii
376 1811 465 1871 ventis
480 1820 507 1869 et
520 1810 598 1870 mari.
613 1822 642 1868 et
655 1811 726 1870 lactc
742 1822 784 1869 cst
797 1814 983 1885 tranquillitas
993 1826 1053 1868 mo·
1105 1809 1192 1868 Nemo
1200 1820 1294 1866 autem
1307 1808 1430 1866 immittit
1443 1811 1653 1867 commissuram
1668 1813 1751 1883 panni
1776 1812 1851 1869 nudis
1873 1813 1902 1870 io

169 1965 174 1975 ,
250 1921 315 1980 gua.
336 1906 423 1964 Porro
445 1905 571 1966 bomines
592 1908 685 1963 mirati
706 1907 1052 1977 rnot‚dicentes:anlis
1105 1903 1298 1960 uestimentum
1312 1903 1496 1959 ustos:tollit
1510 1902 1583 1960 enim
1598 1903 1796 1976 plenitudinem
1812 1907 1904 1977 eiusa

249 2009 292 2058 ost
306 1999 362 2069 bie,
375 2001 441 2073 quia
455 2002 530 2059 renti
546 1999 605 2074 [Al.
619 2009 648 2058 et
669 2000 805 2074 ventilet
823 2017 899 2058 mere
920 2000 1053 2058 obediunt
1105 1995 1278 2062 vestimentu,
1300 2002 1330 2052 et
1344 1995 1422 2066 pejor
1434 1994 1554 2052 scissura
1570 1996 1610 2052 tlt.
1626 1997 1720 2070 Neque
1738 2000 1850 2055 mittunt
1864 1999 1905 2056 si·

250 2094 299 2151 eit
313 2094 348 2151 tit
368 2109 431 2153 cum
451 2095 573 2152 uenisset
600 2092 711 2150 rrnnslt
735 2093 835 2151 lrctnm
858 2093 886 2150 in
910 2095 1051 2166 regionem
1105 2105 1170 2148 uum
1190 2105 1290 2146 nonum
1312 2089 1339 2145 in
1364 2101 1439 2147 utres
1462 2101 1581 2162 veteres,
1600 2091 1720 2164 alioquin
1738 2101 1903 2165 rumpuntur

250 2187 467 2256 Gerasenorum,
483 2196 666 2245 occurrerunt
678 2188 703 2244 ei
723 2186 778 2244 duo
800 2185 936 2244 babentes
950 2186 1053 2244 demo·
1104 2193 1190 2251 utres,
1209 2191 1236 2239 et
1254 2181 1347 2239 uinum
1368 2181 1528 2253 effunditur,
1545 2195 1574 2241 et
1596 2193 1673 2242 utres
1694 2195 1822 2258 pereunt.
1846 2187 1902 2244 Sed

253 2279 311 2349 nia,
325 2280 360 2337 de
382 2279 570 2336 monumentis
595 2289 744 2347 excuntes,
763 2280 829 2335 suri
853 2277 947 2348 nimis,
968 2279 1006 2336 ita
1023 2287 1054 2335 ut
1103 2277 1197 2333 uinum
1209 2291 1308 2332 nrnutrm
1324 2277 1350 2333 in
1367 2282 1441 2333 utres
1453 2291 1539 2334 noros
1553 2280 1676 2349 mittunt,
1693 2287 1722 2336 et
1736 2281 1819 2335 ambo
1833 2295 1901 2337 eon·

252 2388 334 2432 nemo
351 2382 445 2447 posset
468 2375 588 2430 transire
601 2389 651 2446 per
670 2377 743 2430 uiam
768 2373 854 2430 illum.
869 2373 1053 2431 litet-cecla·
1103 2380 1257 2428 seruantur.
1277 2370 1379 2444 [cxxiv.
1401 2368 1442 2443 9.]
1469 2370 1532 2426 llere
1560 2370 1607 2426 illo
1629 2371 1759 2444 loquente
1783 2372 1818 2429 ad
1839 2387 1899 2442 cos,

250 2478 406 2536 munerum,
426 2466 572 2525 dicentes:
589 2466 660 2536 Quid
678 2465 771 2534 nobis,
787 2475 816 2524 et
835 2466 897 2538 tibi,
919 2465 985 2523 lesu
1010 2465 1050 2523 llli
1103 2479 1167 2521 ecco
1182 2463 1309 2537 princeps
1334 2479 1406 2521 unm
1424 2462 1553 2532 accessit,
1573 2474 1603 2522 et
1618 2463 1752 2522 adorabat
1769 2480 1844 2535 enm,
1859 2467 1902 2524 di·

249 2561 439 2620 brittenorii
459 2562 513 2619 buc
534 2573 598 2619 ante
620 2572 730 2633 tempus
750 2572 882 2632 torquere
903 2563 973 2618 oosl
986 2561 1052 2617 Erat
1103 2572 1171 2616 cens
1189 2577 1195 2614 :
1215 2557 1368 2624 ollomine,
1385 2558 1441 2616 iilia
1459 2575 1520 2616 mea
1539 2559 1620 2617 modo
1632 2560 1759 2620 defuncta
1773 2569 1817 2618 est
1830 2579 1837 2616 :
1851 2563 1901 2620 sed

247 2663 339 2714 autem
355 2670 410 2713 non
424 2656 505 2728 longe
522 2639 625 2713 abillis
645 2668 713 2726 grex
732 2654 883 2711 irruiturum
900 2668 1049 2726 pot-comm
1067 2673 1068 2676 ¹
1103 2653 1179 2718 ueni,
1195 2651 1309 2722 impune
1323 2668 1433 2710 manum
1449 2661 1523 2710 tuam
1536 2670 1620 2727 super
1633 2669 1705 2726 earn,
1724 2666 1752 2712 et
1768 2656 1853 2713 uiuet.
1866 2656 1902 2714 lit

248 2763 377 2820 pascens.
390 2748 537 2806 liemoues
550 2757 642 2804 autem
664 2747 799 2818 rogabant
813 2762 887 2812 eum,
898 2745 1027 2802 dicentes
1042 2759 1049 2800 ι
1101 2759 1217 2819 surgens
1227 2744 1320 2813 lesus,
1333 2748 1497 2817 sequebatur
1512 2763 1586 2813 eum,
1602 2756 1631 2805 et
1641 2749 1768 2822 discipuli
1782 2750 1853 2823 ejus.
1865 2749 1902 2807 Et

246 2840 278 2899 st
288 2841 369 2917 ejicis
382 2841 517 2910 nosbinc,
525 2841 604 2899 mitte
619 2853 671 2896 uos
684 2840 711 2896 in
726 2855 837 2912 gregem
850 2836 1051 2912 porcorumsst
1101 2853 1168 2897 ecee
1181 2839 1290 2908 mulier,
1303 2855 1366 2912 que
1381 2841 1523 2912 sartguinis
1538 2841 1641 2898 dutum
1658 2843 1815 2915 patiebatur
1828 2844 1901 2903 duo·

252 2934 291 2991 ait
303 2934 360 2992 illis
375 2950 384 2991 r
397 2935 449 2992 lte.
460 2933 497 2992 dt
508 2935 547 2990 itti
558 2945 693 2991 exeuntes
710 2934 840 2992 abierunt
858 2932 886 2989 in
899 2948 1009 3005 porcos,
1023 2940 1052 2989 et
1101 2933 1190 2990 decim
1204 2935 1293 3004 annis,
1307 2933 1428 2991 accessit
1444 2945 1527 3002 retro,
1544 2947 1573 2992 ct
1587 2935 1676 3009 tetigit
1691 2937 1826 2995 fimbrium
1840 2955 1902 2998 ues-

248 3045 314 3088 ecce
328 3031 431 3102 impetn
450 3029 599 3086 abiittotus
611 3044 680 3102 grex
694 3028 748 3103 [dt.
762 3043 832 3102 grex
845 3026 987 3102 pecorum]
1001 3042 1051 3100 per
1102 3024 1206 3082 timenti
1221 3024 1290 3095 ejus.
1305 3025 1415 3082 uieebm
1426 3026 1499 3082 enim
1516 3027 1588 3084 iutra
1599 3043 1630 3085 se
1643 3043 1650 3086 :
1663 3027 1692 3084 Si
1709 3027 1825 3100 tetigero
1840 3040 1903 3088 tan-

248 3140 373 3199 praeceps
383 3126 411 3181 in
425 3140 517 3191 marc3
534 3134 562 3180 et
578 3123 681 3181 mortui
694 3131 759 3179 sont
773 3123 800 3178 in
815 3121 904 3194 aquis.
919 3123 1049 3178 Pastores
1102 3128 1157 3176 tom
1176 3117 1372 3178 uestimentum
1385 3121 1458 3192 ejus,
1472 3121 1546 3180 salta
1560 3138 1619 3180 ero.
1634 3122 1670 3180 dt
1682 3122 1763 3181 lesus
1782 3140 1902 3184 conuer-

244 3229 338 3275 autem
352 3217 483 3290 ingerunt
500 3235 506 3272 :
525 3225 554 3273 et
569 3217 712 3273 uenientes
727 3216 756 3271 in
771 3215 923 3284 ciuitatem,
940 3213 1050 3270 nuntia·
1101 3225 1158 3280 sus,
1172 3219 1200 3270 ot
1218 3212 1315 3270 videm
1331 3229 1404 3281 cam,
1422 3215 1490 3272 dixit
1512 3233 1519 3270 :
1539 3215 1664 3286 Gornlide,
1680 3217 1754 3284 dlis,
1771 3218 1840 3276 tides
1854 3227 1904 3276 tua

246 3321 347 3368 rerunt
364 3311 468 3378 omnio,
487 3319 516 3366 et
536 3309 573 3368 de
591 3309 644 3378 eis,
665 3308 712 3382 qui
726 3305 863 3365 demonia
885 3307 1047 3365 babocmnt.
1101 3315 1129 3366 tc
1150 3309 1253 3364 salvaro
1277 3307 1350 3366 lecit.
1368 3309 1402 3365 Et
1420 3311 1495 3368 salua
1516 3312 1588 3369 lucta
1608 3322 1651 3369 est
1672 3313 1773 3370 rnulier
1799 3331 1834 3372 ex
1855 3315 1904 3372 iilo

249 3405 285 3464 Et
297 3419 364 3464 eece
383 3413 441 3461 tota
460 3403 560 3462 ciuitas
574 3403 644 3462 exiit
657 3393 767 3460 ebrium
780 3400 846 3459 lesu
863 3420 870 3460 :
885 3409 915 3459 et
929 3402 989 3460 riso
1002 3415 1049 3471 cu,
1102 3400 1179 3458 hora.
1196 3402 1302 3460 Etcum
1317 3403 1439 3460 uenisset
1450 3404 1530 3462 lesos
1545 3405 1572 3462 in
1588 3405 1700 3463 domum
1714 3407 1860 3479 principis,
1871 3421 1905 3468 et

248 3498 394 3571 rogabant,
409 3507 438 3554 ot
452 3498 583 3554 transiret
595 3512 612 3553 a
622 3496 724 3554 linibus
738 3512 845 3553 oon-um.
1100 3493 1214 3552 vidisset
1228 3497 1357 3554 tibicines
1368 3502 1397 3554 et
1413 3496 1519 3555 turbam
1532 3499 1750 3569 tumultuantem,
1765 3501 1878 3560 dicebat
1892 3520 1903 3558 ι

282 3589 358 3666 [Gap.
383 3589 431 3648 tx.
454 3606 521 3661 uxr,
539 3590 578 3664 l.]
603 3590 639 3646 tit
659 3590 814 3647 ascendens
837 3589 866 3645 io
890 3588 1046 3646 nauiculam
1100 3588 1233 3646 Recedite
1249 3607 1255 3644 :
1271 3606 1325 3644 non
1338 3601 1381 3647 est
1395 3592 1468 3647 enim
1482 3601 1590 3649 mortue
1606 3594 1709 3666 puella,
1722 3595 1770 3651 sed
1784 3595 1902 3652 dormit.

248 3681 448 3751 transfretavit,
463 3683 579 3741 ervenit
604 3684 633 3739 in
657 3683 797 3739 ciuitatem
823 3696 910 3738 snam.
933 3683 967 3738 Et
984 3697 1050 3740 ecca
1101 3681 1396 3740 Etderidelnautcum.
1413 3683 1449 3741 Et
1467 3698 1528 3740 cunr
1549 3685 1634 3756 ejecta
1655 3696 1729 3744 esset
1749 3689 1842 3757 turba,
1857 3689 1904 3746 in·

247 3775 440 3835 offerebantei
457 3774 639 3849 paralyticum
651 3775 789 3846 jacentem
809 3773 837 3830 in
853 3775 936 3830 lecto.
958 3773 993 3830 Et
1006 3773 1048 3830 ui·
1101 3776 1182 3832 travit
1199 3785 1247 3836 ret
1271 3777 1361 3834 tenuit
1383 3793 1493 3835 manum
1512 3779 1583 3850 eins.
1599 3781 1633 3836 lli
1654 3783 1775 3839 surrexit
1796 3783 1903 3854 puella.

247 3871 317 3928 deos
327 3869 408 3927 lesus
423 3869 504 3928 tidem
514 3868 640 3937 illorum,
656 3866 724 3924 dixit
735 3866 886 3940 paralytico
900 3885 908 3922 ε
924 3865 1048 3935 confide,
1101 3869 1133 3926 Et
1143 3871 1211 3928 exiit
1221 3871 1292 3928 latua
1305 3873 1363 3932 brec
1377 3872 1405 3930 ln
1418 3873 1575 3932 universam
1591 3883 1693 3933 terram
1708 3877 1902 3952 illam.[xxxu,

247 3964 300 4033 tili,
310 3964 487 4022 remittuntur
499 3963 548 4020 tibi
561 3971 673 4035 peccata
687 3971 743 4018 tna.
756 3961 791 4018 Et
809 3975 874 4019 ecce
888 3960 998 4032 quidum
1014 3960 1049 4018 de
1101 3961 1159 4036 itt]
1173 3965 1205 4021 lc't
1220 3973 1379 4024 transeunte
1395 3965 1459 4024 inde
1480 3965 1559 4037 lesu,
1570 3969 1657 4026 secuti
1677 3979 1743 4027 sont
1757 3985 1821 4028 eum
1845 3972 1904 4030 duo

247 4057 353 4118 Scribis
371 4059 501 4116 dixerunt
520 4057 590 4114 intra
604 4072 656 4116 se:
673 4054 921 4127 llioblnsplnennot.
936 4055 1048 4112 Etcum
1100 4058 1176 4129 ceci,
1192 4059 1354 4130 clamantes,
1369 4071 1398 4118 et
1422 4062 1546 4121 dieentes
1562 4083 1569 4119 ι
1583 4063 1716 4124 lliserere
1737 4067 1838 4138 nostri,
1862 4067 1903 4126 lili

248 4151 365 4210 vidisset
384 4151 465 4210 lesus
488 4150 670 4224 cogitationes
692 4164 800 4221 eorum,
815 4148 888 4206 dixit
905 4169 911 4205 :
929 4149 965 4208 Ut
983 4149 1049 4222 quid
1101 4153 1199 4211 lienid.
1215 4155 1282 4212 Cum
1295 4167 1386 4214 autem
1398 4157 1519 4216 uenisset
1532 4157 1654 4225 domum,
1671 4170 1848 4219 accesserunt
1867 4163 1904 4219 ad

246 4247 375 4320 cogitatis
389 4247 462 4304 malo
473 4246 501 4304 in
515 4246 647 4303 cordibus
660 4245 781 4303 uestris?
791 4244 861 4312 Quid
872 4253 916 4302 est
928 4243 1046 4315 facilins,
1101 4259 1163 4304 eum
1178 4246 1254 4304 curci.
1264 4247 1296 4304 Et
1313 4247 1429 4306 diciteis
1440 4248 1522 4308 lesus
1536 4269 1543 4306 ε
1557 4249 1677 4308 Creditis
1689 4254 1752 4325 qnia
1768 4254 1822 4312 ltoe
1835 4271 1902 4328 pos·

246 4339 341 4397 dicere
358 4337 559 4396 :Dimittuntur
584 4337 634 4395 tibi
658 4343 771 4408 peccata
794 4344 857 4402 tua;
873 4351 907 4392 an
930 4333 1047 4392 dicere:
1100 4353 1162 4414 sum
1186 4337 1304 4396 locered
1326 4339 1420 4398 vobisi
1447 4341 1547 4400 Dicunt
1565 4343 1610 4400 ei:
1634 4343 1744 4416 Utique,
1772 4347 1903 4405 Domine.

246 4432 347 4507 Surge,
363 4441 392 4490 et
405 4431 531 4489 ambulat
544 4429 583 4489 llt
602 4439 693 4487 autem
713 4429 818 4498 scintis,
835 4428 899 4501 quia
915 4427 988 4484 lilius
998 4427 1050 4485 bo·
1100 4431 1177 4490 'lunc
1188 4431 1275 4504 tetigit
1291 4434 1387 4491 oculos
1399 4436 1611 4502 corum,dicens
1625 4435 1796 4496 :Secundum
1810 4439 1895 4498 fidem

248 4527 332 4586 minis
343 4527 427 4584 bobet
439 4535 603 4599 potestatem
615 4525 643 4582 in
659 4536 732 4583 terra
750 4523 907 4581 dinnittendi
923 4533 1046 4596 peccata,
1101 4533 1219 4581 uestram
1236 4524 1284 4581 det
1296 4526 1386 4583 robis.
1409 4527 1444 4584 Et
1465 4529 1553 4600 aperti
1575 4539 1642 4588 snrnt
1658 4533 1731 4590 oculi
1745 4547 1856 4603 eornm,
1873 4545 1907 4595 et

249 4631 315 4680 tunc
335 4623 374 4680 ait
397 4621 548 4695 paralytico
568 4638 575 4674 :
591 4620 696 4692 Surge,
712 4619 780 4676 tolle
798 4619 898 4676 lectum
918 4628 1008 4689 tunrn,
1020 4629 1049 4677 et
1101 4618 1284 4678 comminatus
1304 4621 1417 4678 estillic
1432 4622 1655 4692 lesos,dicens:
1670 4625 1767 4684 llideto
1787 4631 1907 4702 nequis

245 4713 317 4771 rade
328 4713 355 4771 in
366 4713 479 4771 domum
491 4723 575 4771 tuam.
588 4713 622 4770 Et
632 4710 765 4780 surrexit,
775 4719 803 4768 et
814 4711 884 4769 abiit
893 4713 921 4768 in
934 4712 1044 4768 domum
1061 4686 1178 4768 ¹'scire
1191 4711 1233 4769 lili
1242 4723 1332 4770 autem
1346 4716 1710 4786 exeuntes,tiiiiamauerurtt
1724 4736 1788 4778 cum
1804 4722 1906 4782 intuta

243 4821 333 4862 suam.
350 4804 588 4863 llidemesautem
603 4805 690 4862 turbae
712 4801 876 4871 timuerunt,
891 4816 919 4860 et
939 4803 1047 4876 glorill·
1101 4815 1173 4864 terra
1194 4807 1249 4864 illa.
1271 4807 1398 4881 Egressis
1415 4821 1506 4869 autem
1522 4812 1588 4878 illis,
1601 4829 1666 4872 ecce
1689 4815 1852 4875 obtulerunt
1875 4820 1907 4876 ei

243 4901 485 4969 caveruntlieum,
497 4899 543 4972 qui
559 4898 636 4957 dedit
649 4906 815 4971 potestatem
828 4898 912 4956 talem
927 4897 1046 4956 humini-
1098 4900 1236 4958 bominem
1255 4902 1552 4971 mummdnnmnium
1567 4905 1727 4965 habentem.
1751 4909 1786 4965 Et
1807 4911 1907 4983 ejecto

243 4994 305 5051 bus.
323 4993 408 5069 [xxxt,
424 4991 465 5066 ἰ]
489 4992 533 5061 tir,
548 5007 612 5049 cum
637 4990 769 5048 transiret
783 4991 847 5049 inde
864 4990 956 5059 lesus,
978 4991 1048 5048 uidit
1099 4993 1365 5064 daemonio,lucutus
1380 5005 1537 5066 estmotns,
1554 5000 1699 5058 etmiratm
1715 5011 1779 5058 sunt
1793 5004 1905 5074 turbrc,

244 5088 385 5145 lromiuem
400 5089 542 5145 sedentem
561 5085 590 5141 in
612 5082 729 5147 telonio.
744 5083 900 5142 ldattlnaeom
923 5085 1044 5142 nomine.
1099 5085 1224 5144 dieentes
1236 5104 1244 5142 ε
1256 5086 1408 5160 Numquam
1423 5093 1552 5163 apparuit
1562 5091 1602 5150 sie
1616 5093 1645 5150 in
1654 5093 1752 5150 lsrael.
1765 5093 1907 5154 Pharisaei

244 5178 280 5236 Et
292 5180 379 5239 cirilli
389 5179 592 5254 rSeqoereme.
607 5176 642 5233 llt
653 5191 780 5249 surgens,
793 5184 903 5234 sermm
916 5187 958 5234 est
968 5192 1043 5234 eom.
1098 5188 1189 5236 autem
1205 5177 1333 5237 dicebcnt
1344 5199 1352 5236 r
1365 5181 1395 5238 ln
1412 5182 1536 5255 principe
1546 5170 1742 5244 demoniorum
1754 5187 1830 5260 ejicit
1843 5190 1906 5248 dxe-

282 5294 410 5352 ⁸lterum
434 5294 489 5352 deo
512 5295 595 5352 rerba
617 5291 742 5367 discipuli
762 5293 830 5365 ejor,
846 5291 1042 5376 mssgllegime
1095 5298 1206 5373 papndn,
1221 5296 1295 5371 lorge
1310 5313 1360 5370 pre
1372 5300 1521 5374 coniunge,
1533 5302 1656 5363 abluisse
1673 5319 1820 5378 porcorum
1831 5326 1907 5380 grex

162 5435 165 5440 Ι
245 5373 337 5423 tacent
348 5385 356 5426 r
367 5383 481 5437 quorum
498 5376 590 5424 tamen
603 5365 721 5422 alterum
735 5363 887 5434 dumtaxat,
903 5367 1039 5440 streejue,
1094 5368 1194 5423 dicitur
1211 5367 1353 5440 :deniqne
1367 5382 1396 5427 et
1419 5371 1526 5430 locutos
1545 5375 1693 5434 demones.
1718 5383 1741 5434 ιε
1766 5381 1907 5448 indidisse

245 5437 341 5495 Graeca
364 5440 606 5525 aliquottmelioris
625 5448 698 5494 notae
716 5437 884 5509 exemplaria
903 5437 1039 5526 ignorant.
1095 5439 1175 5514 ἡμᾶς,
1190 5441 1328 5524 ιπίτρεψον
1342 5446 1401 5518 ἡμῖν
1417 5445 1531 5502 ἀπελθεῖν
1552 5449 1588 5511 εἰς
1603 5454 1649 5509 τήν
1663 5449 1762 5524 lyrbes.
1777 5453 1810 5508 Si
1823 5457 1906 5528 ejicis

245 5507 332 5564 Paulo
345 5520 434 5566 autem
446 5510 525 5566 aliter
540 5510 621 5568 lrabet
631 5517 787 5575 contextus,
806 5508 1041 5584 xnlnpeerlbmrrr
1093 5527 1151 5578 oor,
1168 5523 1287 5578 permitte
1301 5516 1375 5570 uobis
1391 5515 1462 5573 obire
1475 5519 1503 5572 in
1513 5535 1626 5647 gregem,
1643 5531 1697 5579 etc.

245 5580 394 5654 eipcdurcd
405 5582 507 5658 ἤγειραν
517 5585 640 5649 arbricel
654 5580 1040 5649 accedenterdircrpnlr'ruacr'-
1135 5582 1266 5640 ellmnen
1283 5586 1404 5657 Borrine,
1418 5604 1533 5658 proquo
1578 5594 1826 5653 rmcustextusltic
1843 5595 1904 5655 lta·

245 5661 366 5708 moment
376 5669 445 5708 eum.
461 5653 516 5710 sm
538 5665 565 5710 et
583 5651 655 5726 quod
673 5652 796 5724 proxime
811 5657 946 5726 seqnitur,
960 5651 1039 5710 Jecur
1091 5651 1148 5716 bet,
1160 5651 1210 5724 ὅτι,
1226 5657 1296 5727 quio,
1316 5658 1428 5730 Regium
1443 5674 1509 5717 mss.
1524 5675 1637 5731 prorsus
1647 5663 1786 5736 ignorant.

245 5737 344 5780 nomen
354 5732 440 5810 tecet.
1127 5722 1248 5856 ideque
1261 5728 1288 5784 in
1302 5730 1401 5787 Gracco
1412 5733 1571 5806 exemplari,
1585 5751 1673 5808 neque
1687 5737 1715 5794 in
1725 5737 1835 5797 Latinis
1847 5757 1905 5801 rc-

281 5793 419 5869 bl‘roprre
433 5811 461 5853 tu
475 5795 572 5855 Graeco
582 5797 676 5870 [retum
691 5810 744 5854 nen
759 5803 812 5864 ert,
822 5805 851 5853 et
863 5805 1036 5876 suggerendo,
1092 5805 1203 5854 tustrorr
1224 5814 1256 5856 us
1269 5800 1348 5859 libris
1364 5802 1486 5861 ndditnm
1502 5812 1558 5876 est,
1573 5806 1653 5865 uobis.

244 5879 296 5942 pro
309 5866 503 5929 Gerasenorum
511 5869 587 5943 regio
597 5867 762 5943 appellatur.
774 5867 861 5927 Paulo
871 5875 953 5927 mam
962 5877 1035 5941 post,
