4017 6334
251 289 306 350 aas
755 284 786 344 s.
807 283 1001 344 armanum
1021 283 1138 346 orrma
1157 283 1398 348 atuntornson.
1437 270 1440 277 '
1842 293 1890 354 era

287 410 378 470 Salem
390 409 418 466 iu
430 415 584 484 potestatem
597 406 651 464 diei
663 421 674 464 .·
686 402 810 480 quoniam
822 405 851 462 ia
864 413 991 462 emmaum
1002 405 1092 472 nri-A
1140 406 1233 465 Salem
1250 407 1279 464 in
1292 413 1428 485 potestate
1441 404 1496 466 diei
1509 421 1517 466 ε
1530 407 1659 482 quonism
1671 407 1699 466 ln
1712 405 1838 468 secutum
1846 411 1891 468 mi·

250 504 390 563 sericordia
409 503 478 577 eq‘ur.
1104 498 1253 558 sericordia
1272 500 1344 572 ejas.
1998 547 1999 580 q

287 599 408 670 Lanam,
424 606 448 654 et
459 595 549 654 stellas
562 594 590 652 ia
604 602 756 668 patestatem
770 594 854 650 necas
868 608 877 648 :
890 591 1014 666 quoniam
1027 593 1055 649 iu
1141 591 1245 652 Lunam
1259 603 1288 650 et
1306 593 1400 652 stellas
1419 594 1447 650 in
1462 601 1595 667 potestate
1608 592 1697 652 nectit
1711 609 1718 648 :
1732 591 1855 666 quoniam
1868 592 1893 650 in
1998 589 1999 598 ²

251 702 378 751 eteniam
390 689 569 750 uriuericerdia
583 692 641 762 ejus
654 697 678 744 ⁸.
1105 686 1236 744 seculum
1254 686 1441 744 misericordia
1458 687 1528 757 eius.

288 785 340 854 Qui
360 783 488 857 percussit
508 780 653 857 AEqqptum
667 797 727 836 cum
748 779 927 855 primoqeaitie
941 793 1056 850 earum,·
1140 777 1192 848 Qui
1212 779 1348 854 percussit
1368 777 1516 854 AEqpptum
1536 795 1598 838 eum
1619 778 1764 854 primitivis
1781 792 1892 840 eorum:

249 879 375 953 quoniam
386 878 415 932 irr
426 886 552 934 eternum
566 873 822 948 misericordiosius.
1105 873 1234 945 quoniam
1248 871 1275 931 in
1290 873 1419 930 saeculum
1433 872 1622 930 misericordia
1634 872 1705 944 aius.

288 971 341 1040 Qui
363 968 455 1025 educit
478 966 566 1024 irruet
584 967 617 1023 de
636 966 721 1023 medie
745 981 834 1021 earum
855 979 866 1021 .·
882 964 1005 1038 quoniam
1027 965 1055 1021 iu
1142 967 1176 1024 lit
1189 967 1284 1026 eduxit
1298 967 1380 1026 lsrael
1394 967 1409 1008 ‘¹
1422 967 1456 1026 de
1468 967 1560 1026 medio
1571 965 1631 1040 ejus
1646 981 1655 1024 ι
1668 966 1796 1040 quoniam
1809 965 1837 1024 in
1849 981 1894 1026 sa·

252 1072 379 1123 ceterarum
392 1061 571 1120 misericordia
582 1063 651 1136 ejus.
1105 1060 1198 1118 culam
1210 1061 1398 1120 misericordia
1411 1061 1481 1134 ejus.

286 1155 323 1214 ia
344 1173 424 1214 marm
445 1155 554 1230 potenti,
575 1162 600 1211 et
619 1152 726 1210 bractio
744 1151 845 1209 emelia
862 1166 872 1208 .·
891 1149 1015 1224 quoniam
1026 1152 1055 1209 ia
1140 1152 1172 1210 ln
1183 1167 1265 1212 manu
1278 1153 1351 1223 lorti,
1362 1162 1389 1212 et
1401 1152 1515 1212 brachio
1526 1151 1635 1212 excelsa
1648 1166 1656 1208 :
1669 1149 1796 1224 quonbm
1807 1152 1836 1210 ia
1847 1165 1896 1212 sc·

250 1262 377 1312 aeternum
389 1249 567 1308 misericordia
584 1253 654 1322 ejus.
1104 1248 1196 1306 cuium
1211 1249 1401 1306 misericordia
1413 1248 1483 1321 ejas.

288 1348 341 1417 Qut
354 1346 439 1402 diuisit
454 1361 526 1402 mare
538 1342 657 1400 dlubrum
670 1343 700 1399 iu
713 1340 856 1398 diuisioaee
869 1356 880 1398 .·
892 1340 1016 1414 quonium
1026 1341 1054 1398 ia
1141 1343 1193 1413 Qui
1207 1342 1300 1402 diuisit
1316 1358 1394 1404 mare
1407 1343 1529 1404 llubrum
1545 1343 1574 1402 in
1587 1341 1736 1402 divisiones
1752 1359 1760 1398 z
1776 1340 1897 1415 quomam

250 1451 377 1502 eternum
389 1436 571 1494 misericordia
582 1439 653 1510 ejus.
1105 1435 1134 1494 in
1144 1437 1279 1494 sarculum
1293 1437 1480 1497 misericordia
1494 1437 1564 1510 eq'us.

286 1531 321 1588 lit
335 1533 426 1588 educit
437 1529 523 1587 lsrael
534 1546 581 1602 per
590 1528 706 1586 audium
719 1531 775 1599 eius
789 1544 798 1585 :
811 1528 933 1601 quereiam
943 1527 970 1585 in
979 1535 1056 1585 eter-
1141 1530 1176 1588 lit
1189 1529 1283 1588 eduxit
1294 1532 1377 1590 lsrael
1391 1547 1440 1606 per
1449 1530 1571 1590 medium
1583 1527 1644 1603 cius
1654 1546 1662 1587 :
1673 1529 1802 1602 quoniam
1812 1527 1838 1586 in
1848 1540 1898 1586 sc·
1998 1597 1999 1602 ἵ

250 1639 315 1681 aum
328 1621 588 1691 meeimraiaq'us.
1106 1624 1198 1701 culum
1212 1625 1400 1684 misericordia
1419 1626 1490 1697 ejus.
1998 1611 1999 1696 ζ

286 1715 322 1772 lit
341 1715 455 1771 messit
475 1711 665 1781 Pharaonem,
685 1720 710 1767 et
729 1711 849 1768 uirtutem
865 1715 922 1786 ejus
946 1714 975 1770 ira
988 1713 1055 1770 mari
1139 1717 1175 1775 Et
1190 1717 1313 1776 excussit
1327 1716 1496 1776 Pharaonem
1509 1725 1538 1776 et
1550 1713 1700 1774 exercitam
1713 1713 1776 1787 eina
1794 1713 1822 1770 in
1837 1711 1899 1770 mari
1998 1713 1999 1788 l

250 1807 342 1865 Rubro
356 1822 367 1866 .·
380 1806 503 1879 quoniam
516 1805 545 1860 ia
556 1813 683 1862 eternum
695 1803 875 1860 misericordia
886 1807 954 1880 ejus.
1068 1811 1094 1874 Β
1106 1808 1200 1869 Rubro
1215 1830 1223 1868 ε
1236 1811 1364 1884 quoniam
1378 1811 1407 1868 in
1420 1810 1551 1868 seculum
1563 1808 1751 1867 misericordia
1764 1807 1834 1879 eitra·
1857 1880 1859 1889 Ι
1998 1877 1999 1894 ¹

248 1904 267 1969 b
288 1901 342 1970 Qvi
362 1899 481 1957 traducit
502 1895 630 1972 erptiam
643 1896 748 1953 munti
763 1913 810 1970 per
822 1897 951 1956 demtum
964 1914 1054 1973 equa·
1142 1903 1194 1972 Qui
1208 1902 1363 1962 transduxit
1375 1904 1504 1978 populum
1517 1919 1597 1962 suum
1609 1917 1657 1974 per
1668 1901 1810 1960 desertum
1823 1913 1899 1973 :qua
1998 1903 1999 1982 l

251 1994 324 2052 aiam
336 1994 364 2052 im
377 2002 505 2050 etenum
521 1989 701 2047 misericordia
719 1989 786 2062 eq‘us.
1106 1997 1181 2054 niam
1194 1996 1220 2054 in
1234 1998 1365 2054 seculum
1378 1995 1652 2068 misericordiosius.
1998 2045 1999 2058 r

1143 2080 1195 2160 Qui
1217 2101 1230 2132 ⁸
1250 2093 1344 2152 eduxit
1361 2107 1460 2166 aquam
1478 2094 1513 2152 de
1532 2099 1609 2167 petra
1623 2089 1698 2166 rupis
1712 2107 1721 2150 a
1735 2088 1900 2164 quantumin
1998 2101 1999 2170 j

1106 2185 1237 2244 saeculum
1252 2184 1442 2244 misericordia
1461 2186 1532 2258 ejus.

290 2275 342 2346 Qui
362 2275 489 2349 perussit
507 2287 707 2348 reqm-muqms
725 2285 737 2328 .·
756 2270 880 2345 quoniam
893 2271 1056 2328 deuterum
1143 2281 1195 2350 Qui
1211 2281 1346 2352 percussit
1359 2295 1437 2354 reges
1449 2293 1562 2354 magnos
1576 2295 1583 2336 :
1595 2278 1726 2354 quoniam
1739 2276 1901 2338 srmcutm
1998 2265 1999 2338 r

254 2368 510 2440 misericerdiaejus.
1108 2371 1377 2444 misericordissima.
1998 2353 1999 2396 ἦ

288 2466 325 2522 iit
344 2465 438 2522 accidit
450 2477 523 2537 reqes
542 2458 621 2532 sortes
636 2459 782 2532 :quoniam
799 2457 828 2514 irr
838 2465 966 2514 eterrrum
980 2457 1058 2516 miae·
1144 2463 1179 2521 lit
1190 2463 1290 2522 oceidit
1301 2479 1381 2538 repes
1395 2464 1534 2524 mirabiles
1544 2462 1611 2538 [lis.
1622 2459 1810 2534 admirabiles]
1823 2475 1902 2534 :qno-

253 2557 453 2632 rieardiaejua.
1109 2559 1360 2618 niominsaeculum
1372 2557 1643 2630 misericordiaep'us.

290 2652 381 2711 Seiron
400 2666 486 2725 reqem
503 2648 716 2706 amaricatam
730 2644 1057 2718 :terminatarum
1144 2650 1218 2710 Scan
1232 2665 1324 2724 regem
1337 2651 1563 2710 smarrnmrum
1578 2669 1585 2709 :
1599 2650 1729 2725 quoniam
1740 2651 1770 2708 in
1781 2645 1903 2708 seculum

253 2746 513 2819 misericordiaque.
1033 2815 1037 2822 ι
1108 2744 1297 2802 misericordia
1308 2744 1378 2817 eius.

291 2840 329 2897 lit
349 2839 389 2913 ilq
407 2853 493 2912 reqem
512 2835 602 2894 Rauen
616 2851 625 2892 .·
637 2834 760 2908 quoniam
780 2834 808 2890 irr
821 2841 946 2890 eremum
958 2831 1060 2889 miseri·
1145 2839 1180 2895 Et
1191 2838 1231 2910 Oq
1243 2852 1336 2912 regem
1351 2837 1438 2896 Busan
1455 2854 1462 2893 ι
1476 2836 1606 2911 quoniam
1619 2835 1646 2894 in
1658 2835 1792 2894 seculum
1805 2830 1904 2894 miseri·

256 2934 346 2992 cardiu
365 2935 431 3006 ejas.
505 2958 513 2967 e
1111 2932 1204 2990 cordia
1214 2932 1284 3002 ejus.
1661 2967 1663 2974 ι

292 3025 329 3082 Et
343 3025 414 3082 dedit
427 3033 523 3081 imam
534 3038 624 3080 eoram
635 3020 812 3076 nereditatem
822 3033 832 3075 ι·
842 3018 965 3088 divisim
974 3018 1002 3074 ¹⁶²¹
1010 3031 1060 3072 δω-
1147 3025 1182 3085 Ει
1195 3025 1272 3085 dedit
1286 3037 1386 3085 terram
1399 3041 1496 3085 eorum
1514 3024 1703 3084 haereditatem
1717 3041 1724 3079 ι
1738 3021 1866 3097 quoniam
1880 3020 1905 3076 in
1998 3077 1999 3098 q

258 3122 347 3178 culum
357 3116 612 3190 nummeordiaejua.
1113 3119 1244 3178 seculum
1258 3119 1532 3193 misericordiaeque.

294 3214 486 3273 Hereditatem
502 3210 589 3270 lsrael
609 3225 684 3267 aereo
701 3224 749 3266 suo
763 3224 773 3264 .·
788 3208 911 3280 quonlam
933 3210 962 3263 iu
984 3203 1097 3272 ater-G
1147 3211 1339 3271 {impediturum
1350 3213 1434 3271 lsrael
1448 3227 1529 3270 servo
1547 3225 1616 3270 suo:
1632 3209 1761 3284 quoniam
1781 3209 1811 3268 in
1823 3220 1905 3266 sacu-

259 3328 326 3369 eram
338 3307 519 3366 misericordia
533 3307 601 3378 ejas.
1114 3305 1170 3362 lum
1186 3305 1378 3364 misericordia
1394 3305 1464 3376 ejus.

298 3404 368 3472 Quia
380 3403 410 3458 ira
422 3399 570 3456 bumilitate
586 3408 676 3454 uestra
691 3411 790 3453 memor
800 3395 852 3470 fait
867 3394 951 3452 aedri
967 3410 977 3451 .·
991 3410 1056 3467 quo·
1148 3397 1219 3467 Quia
1234 3397 1300 3471 [lde.
1321 3397 1460 3472 quoniam]
1476 3397 1504 3455 in
1522 3397 1678 3454 bumilitate
1691 3405 1787 3454 nostra
1807 3405 1906 3451 memor

260 3494 508 3553 requireremus
520 3488 699 3548 admiseratis
711 3491 779 3564 ejus.
1112 3485 1165 3545 luit
1177 3489 1265 3547 nostri
1287 3488 1441 3548 Dominus:
1461 3489 1593 3563 quoniam
1607 3489 1636 3547 in
1650 3487 1784 3548 meatum
1803 3483 1906 3544 miscri-

1114 3579 1210 3638 cardia
1225 3581 1294 3653 ejus.
1321 3605 1327 3618 ·

299 3673 335 3728 Et
348 3673 456 3735 redemit
467 3688 515 3728 aas
528 3673 561 3727 ab
581 3670 693 3726 inimicis
707 3668 804 3726 nostrie
818 3684 828 3723 .·
842 3667 966 3741 quereiam
987 3668 1015 3726 irr
1028 3683 1061 3726 ae
1149 3674 1184 3730 Et
1196 3673 1315 3732 redemit
1330 3687 1381 3732 nos
1400 3671 1434 3730 de
1447 3685 1530 3730 manu
1542 3669 1720 3727 inimicorum
1733 3678 1906 3728 nostrornm:
1998 3721 1999 3734 q

266 3778 369 3825 imaum
381 3764 638 3839 mireritwdidtjttl·
1112 3764 1243 3838 quoniam
1257 3765 1428 3824 irrsaeoulum
1443 3762 1631 3821 misericordia
1645 3761 1714 3834 eius.
1998 3775 1999 3854 }

300 3860 353 3929 Qui
366 3859 411 3914 dat
421 3873 505 3914 eaeaat
519 3854 670 3912 omrsiearrri
681 3871 691 3912 .·
701 3855 823 3927 quaedam
836 3851 864 3910 r‘rr
876 3862 1002 3910 eternum
1013 3852 1062 3907 nri·
1148 3856 1201 3927 Qui
1214 3857 1263 3914 dar
1275 3871 1366 3916 escam
1384 3857 1460 3915 omni
1474 3855 1552 3914 qemi
1564 3872 1572 3911 :
1586 3854 1715 3928 quoniam
1731 3852 1759 3910 jn
1783 3852 1907 3910 mutum

265 3951 409 4010 reiiceretis
423 3954 490 4024 esus.
1119 3949 1390 4022 misericordiaque.
1998 3943 1999 4008 Ῑ

302 4042 470 4114 darrpremaa
482 4041 538 4096 lieo
551 4037 609 4096 cmii
623 4037 768 4110 :quoniam
781 4037 809 4092 ira
820 4045 945 4093 aternam
960 4036 1062 4094 reticeri*
1150 4041 1322 4101 Confiremjnq
1335 4041 1344 4083 t
1357 4042 1415 4100 ppo
1427 4041 1491 4118 [Μῶ
1503 4037 1630 4114 pomino]
1644 4038 1707 4099 coeqq
1719 4054 1727 4096 ς
1741 4037 1869 4113 quomam
1883 4036 1908 4092 q„
1998 4039 1999 4108 ᾗ

267 4138 359 4195 cardia
373 4138 439 4206 eius.
643 4155 646 4158 ·
1116 4138 1247 4195 seculum
1261 4137 1451 4195 misericordia
1465 4137 1534 4208 ejus.
1998 4181 1999 4184 ,

306 4240 364 4286 ⁶÷
376 4227 540 4304 Confitendum
557 4226 671 4285 Dauniae
684 4225 848 4283 dominarum
864 4240 874 4282 .·
892 4225 1017 4298 quereiam
1034 4226 1064 4282 ia
1152 4228 1324 4288 Coudtemini
1337 4229 1455 4287 Domino
1465 4227 1652 4294 dominorum,
1666 4225 1795 4298 quonlam
1805 4223 1907 4282 boorts:

266 4331 393 4380 aeternum
404 4320 582 4378 misericordia
595 4323 661 4395 ejas.
1117 4323 1247 4396 quomam
1262 4323 1290 4382 in
1305 4319 1719 4394 saeculunt'misericordiaejus.

917 4413 1075 4476 Pstntttts
1093 4415 1239 4475 dxxxvi.

465 4523 545 4566 milit
562 4521 693 4578 macnus,
707 4508 856 4578 lilim}
1080 4515 1107 4576 D
1318 4528 1332 4568 t
1347 4530 1465 4576 assertus
1479 4529 1718 4585 aterminandas.

269 4614 273 4621 '
306 4603 395 4676 Super
405 4601 516 4674 dimili
530 4598 674 4672 Biiilitm‘i
686 4600 742 4657 iuli
757 4599 1064 4681 ”imildm'mlii
1124 4653 1127 4658 -
1157 4617 1246 4692 Super
1256 4609 1525 4684 flumina-babylonis
1539 4609 1596 4668 illic
1605 4607 1726 4668 sedimus
1739 4605 1909 4666 otilerimus:
1998 4619 1999 4628 ¹

272 4723 331 4764 cunr
344 4699 540 4760 exerceremus
555 4696 630 4755 Stin·
1119 4707 1411 4784 dumlreaordaremur
1427 4703 1477 4772 tui,
1496 4701 1576 4762 Sion.

276 4911 279 4914 .
306 4864 321 4894 ²
334 4845 871 4919 1>0⁸¹¹⁰ll¹l¹l²¹²i¹ib¹¹¹⁸·Dl'tilliiillli·
1159 4863 1171 4892 θ
1190 4851 1221 4910 ln
1241 4867 1294 4908 ms.
1317 4847 1470 4908 sorbonico
1495 4843 1576 4905 aliter
1599 4843 1734 4915 legimus:
1762 4842 1816 4912 Qui
1828 4840 1912 4897 educit

304 4924 319 4964 ¹³
333 4924 450 4997 sequior
463 4934 560 4978 manus
571 4920 598 4975 in
614 4918 709 4975 eodem
724 4919 820 4976 codice
829 4919 973 4993 rescripsit
980 4921 1008 4978 iu
1021 4922 1068 4978 de·
1121 4941 1216 4997 aquam
1231 4921 1360 4980 demedio
1374 4936 1473 4976 earum
1498 4918 1552 4974 Sed
1573 4924 1720 4986 utrumque
1737 4914 1859 4971 additam
1874 4920 1913 4968 est
1998 4951 1999 4978 q

270 5010 361 5056 38ῐὶοἒ
377 4996 488 5067 propius
499 4995 548 5050 (ὦ
562 5011 587 5046 ‘l
601 5013 633 5064 θ)
645 4992 741 5066 iisde-
1121 4997 1255 5067 irnpcritla
1272 5004 1300 5051 ct
1321 4993 1474 5050 temeritate
1493 4989 1686 5047 librariorum:
1702 4985 1768 5042 nibil
1783 4987 1855 5042 enim
1867 4985 1913 5039 lm·
1998 4993 1999 5034 1

310 5081 323 5110 ⁶
343 5070 401 5126 lluc
421 5064 568 5124 translatus
590 5072 635 5118 est
654 5061 804 5119 versiculus
824 5065 923 5120 tertius
942 5064 1066 5134 ciusdem
1118 5067 1164 5138 jus
1178 5066 1306 5123 uersiculi
1318 5063 1447 5120 exstatin
1461 5061 1602 5131 Scriptura
1616 5056 1859 5123 Sacrallebraicu‚
1873 5055 1912 5111 rel

254 5181 257 5186 -
273 5142 382 5213 psalmi,
393 5138 440 5208 qni
454 5152 508 5194 non
524 5135 625 5205 legitur
640 5134 666 5190 irt
680 5134 807 5201 Hebraeo,
820 5137 909 5192 necin
921 5135 995 5191 Lllli
1011 5137 1066 5193 llo·
1121 5139 1213 5196 Grmca
1228 5138 1409 5194 Psalntorum.
1423 5133 1514 5190 liner.

274 5227 364 5268 manse
381 5210 520 5268 editionis.
549 5210 650 5266 Exstat
668 5217 759 5264 umen
783 5206 810 5261 iu
831 5205 928 5263 Graeco
950 5208 1066 5277 triplicis
1157 5209 1339 5266 recurreram
1354 5206 1528 5268 hiereneus,
1544 5203 1589 5288 qui
1606 5216 1690 5272 purus
1706 5205 1911 5280 purusqueter·
1998 5237 1999 5258 2

274 5281 400 5339 Psalterii
414 5297 467 5337 ms.
483 5279 636 5348 Sorbonici,
653 5288 735 5353 atque
748 5279 775 5334 in
790 5278 918 5336 omnibus
930 5292 997 5336 mss.
1014 5293 1065 5336 na·
1119 5279 1173 5337 tius
1185 5288 1228 5338 est
1247 5280 1328 5350 lrrrjrts
1343 5279 1453 5344 Psalmi,
1477 5275 1504 5331 iu
1519 5273 1696 5346 originalibus
1712 5273 1832 5343 ipsisque
1843 5271 1911 5326 batr-

273 5353 340 5410 atrls
353 5352 467 5409 Latinis.
482 5352 573 5409 Manu.
1121 5354 1162 5411 nia
1173 5350 1404 5409 emendatioribus
1420 5348 1513 5414 libris,
1525 5356 1604 5419 atquc
1617 5345 1686 5401 adeo
1698 5343 1847 5401 Veronensi
1866 5341 1913 5396 de·
1998 5397 1999 5400 ,

256 5473 261 5482 .
311 5424 459 5480 -tlbelua
473 5433 575 5480 temere
586 5420 784 5492 praetermissus
796 5423 870 5478 cstin
884 5421 1066 5479 Palatinonia.
1121 5423 1264 5480 sideratur.
1305 5420 1433 5479 Admittit
1464 5433 1526 5476 eum
1559 5426 1649 5474 tamen
1682 5417 1851 5484 Augustinus
1887 5411 1912 5466 iu

276 5494 385 5553 lildeals
395 5510 477 5567 porro
489 5509 550 5565 qum
563 5493 597 5549 de
609 5493 743 5550 adscititio
756 5493 809 5549 boc
822 5509 904 5551 uersu
914 5493 948 5548 ad
958 5493 1070 5564 apped—
1122 5494 1346 5550 Enarrationlbus
1362 5509 1370 5546 ε
1385 5507 1438 5548 non
1451 5491 1514 5546 item
1535 5501 1579 5555 ot,
1597 5502 1677 5558 quem
1694 5487 1775 5542 modo
1793 5484 1912 5567 larudatus

275 5577 331 5624 tant
345 5566 500 5622 columnam
514 5565 646 5621 dicemus.
870 5580 872 5583 ·
1122 5565 1215 5622 Editor
1233 5567 1317 5630 citat,
1341 5564 1525 5633 Hieronymus
1539 5601 1546 5627 ‚
1560 5575 1640 5631 qncm
1662 5567 1755 5614 nolunt
1771 5566 1815 5611 est
1838 5561 1911 5624 lrpqus

312 5636 494 5697 idemmms.
507 5651 552 5706 per
565 5634 693 5691 medium:
702 5644 860 5707 tumqrrarta
870 5636 905 5693 ab
915 5635 967 5693 boc
976 5650 1069 5706 uersu,
1122 5645 1202 5708 atque
1209 5635 1374 5697 tonsoribus.
1386 5633 1602 5690 Commentarios
1612 5628 1672 5686 illos
1679 5627 1911 5706 druierrquqeur,

276 5708 442 5764 Pharaonem
453 5715 478 5762 et
490 5707 609 5762 uirtutem
620 5707 676 5778 eq‘ae
691 5707 717 5762 in
726 5723 797 5763 mare
809 5707 926 5764 Rubrum
938 5718 985 5764 ret
995 5723 1070 5776 mas,
1123 5723 1171 5766 scu
1184 5707 1350 5763 Breviorium
1358 5705 1384 5761 in
1401 5703 1533 5771 Fecimus,
1545 5718 1599 5759 non
1611 5701 1767 5760 arlarrmsse.

277 5778 999 5852 trimumpoputumraumaraeaarrsrrrscum
1015 5779 1072 5836 dra·
1161 5777 1340 5833 sl’raritulo
1363 5781 1526 5832 tuntrrmest
1549 5768 1819 5830 lateranensium.
1858 5761 1912 5840 iqui
1998 5793 1999 5820 ;

276 5847 395 5923 stadam
1125 5837 1220 5907 Dauid.
1242 5837 1271 5906 ln
1288 5852 1380 5919 latta,
1402 5833 1437 5905 stt
1451 5844 1565 5904 ttditttttt
1579 5883 1586 5916 ,
1599 5855 1648 5917 pro
1668 5839 1724 5900 iilic
1735 5871 1742 5912 q
1755 5850 1810 5902 ate·
1824 5806 1909 5908 ¹lttntq
