4017 6334
109 283 153 343 tlt
562 284 594 342 B.
613 286 755 350 totonis
773 289 943 352 scosrtlbl
961 289 1131 350 bristout
1150 289 1268 352 ibide.
1695 289 1748 352 stt

109 399 167 457 oiim
181 414 236 456 non
249 406 355 467 cessat;
369 409 399 458 et
411 397 529 473 perditio
541 417 635 461 eorum
648 421 703 462 nnn
716 405 856 467 dormitat.
869 407 899 466 st
913 412 937 474 Δ
950 410 1023 468 enim
1034 410 1075 468 els
1085 408 1150 466 illuri
1162 405 1217 466 ce'ri
1228 404 1365 482 prouerbii
1377 405 1478 466 :Canis
1487 419 1614 464 reversus
1625 405 1659 464 ad
1670 421 1749 466 sunm

109 495 176 552 enim
186 495 374 569 ileusangelia
389 497 566 568 peccantibus
576 513 630 555 non
644 502 776 572 pepercit,
792 502 840 560 sed
854 518 902 560 ru·
952 505 1106 562 comitum:
1122 514 1168 560 et:
1184 503 1238 560 sm
1253 505 1307 558 lota
1323 503 1349 558 in
1362 500 1505 560 volutabro
1520 500 1581 558 luti.

110 586 233 646 dentibus
249 587 350 645 inierni
371 588 508 647 detractos
523 591 550 647 in
565 601 693 648 tartarum
710 592 823 650 tradidit
840 609 903 652 eru·
990 597 1066 672 [Cap.
1082 595 1138 670 111]
1152 595 1228 654 lianc
1240 611 1305 655 eece
1319 596 1407 666 cobis,
1421 593 1590 664 charissimi,
1603 594 1749 652 secundam

108 680 226 750 ciendos,
244 681 272 739 in
291 681 423 754 judicium
437 683 583 741 reseruari.
601 683 637 741 Et
654 684 781 758 originali
799 689 903 744 nunde
953 691 1045 750 acribo
1060 690 1215 764 epistolam,
1231 689 1260 747 in
1273 687 1374 763 ouibus
1385 700 1507 747 vestram
1520 687 1610 746 excito
1629 686 1656 744 in
1676 704 1751 746 cnm-

109 787 160 831 ¹¹⁰¹l
179 775 319 848 Wfflllr
334 773 383 833 ⁸0¹¹
397 784 523 834 ⁰⁰¹²l¹¹¹¹l
544 777 603 836 Νθθ
615 779 729 850 institis
748 795 903 853 111111011οΜ
954 787 1105 846 monitione
1122 787 1257 846 sinceram
1280 794 1418 844 mentem:
1432 795 1464 842 ut
1478 783 1687 842 memoressitis
1705 798 1753 840 eo·

108 866 262 936 custodivit,
275 867 406 926 citnaram
418 870 520 927 mundo
540 870 687 946 impiorum
708 873 850 932 inducens.
868 875 903 933 Et
954 897 1026 948 rum,
1041 895 1101 953 quse
1113 879 1243 953 prediti,
1256 879 1406 937 uerborum
1420 893 1435 934 a
1447 876 1549 934 secretis
1563 875 1713 949 propinetis,
1726 883 1754 930 οι

114 957 234 1017 civitatee
246 956 428 1018 Sodomorum
440 970 469 1020 et
479 961 720 1023 Gomorrbeomm
735 966 762 1023 in
782 967 903 1025 cinerem
953 972 1141 1046 apostolorum
1151 981 1317 1037 vestrorum,
1330 978 1529 1044 preceptorum
1541 968 1648 1026 Domini
1658 976 1686 1025 et
1695 965 1755 1023 Sei·

110 1049 728 1129 redigens,erersinnedamnarit:exemplum
738 1061 903 1134 commoni
954 1064 1070 1122 catoris.
1092 1062 1150 1121 lloo
1172 1065 1291 1136 primurn
1304 1064 1436 1134 scientes,
1450 1061 1523 1134 quod
1539 1061 1649 1118 venient
1662 1061 1688 1116 in
1705 1074 1755 1116 no·

110 1145 188 1219 impie
201 1149 289 1204 amuel
302 1159 377 1219 eunt,
388 1161 494 1222 ponens
507 1168 513 1204 :
524 1157 554 1208 et
563 1151 667 1224 justum
677 1151 728 1211 bot
742 1168 903 1227 oppressum
954 1157 1073 1216 sissimle
1092 1157 1189 1217 diebus
1208 1159 1235 1216 in
1256 1157 1418 1232 deceptione
1439 1157 1579 1228 illusores,
1597 1155 1673 1228 justa
1690 1170 1756 1227 pro·

110 1253 124 1295 a
142 1239 323 1301 nefandorum
347 1243 461 1318 injuris,
485 1261 518 1303 ac
537 1245 675 1304 itrrrrriosa
698 1248 905 1308 conversatione
955 1253 1030 1325 prlas
1042 1251 1278 1325 concupiscentias
1292 1249 1474 1320 ambulantes,
1491 1249 1613 1308 dicentes
1626 1266 1634 1306 ι
1649 1249 1700 1306 Ubi
1714 1258 1757 1306 est

109 1333 204 1405 eripuit
214 1353 222 1390 :
234 1345 345 1408 aspecit!
356 1337 440 1406 ellim,
453 1346 479 1394 t’i
490 1338 583 1396 audiit}
591 1339 682 1410 jttsius
691 1348 768 1397 erait
780 1341 906 1398 habilitas
955 1345 1115 1420 promissio,
1139 1355 1186 1403 aut
1200 1346 1336 1404 adventus
1357 1346 1435 1418 ejus?
1455 1360 1491 1403 ex
1504 1361 1559 1418 quo
1572 1345 1645 1402 enim
1661 1353 1756 1416 patros

109 1427 176 1498 111111
190 1441 256 1494 0⁰⁸.
269 1430 315 1502 11111
326 1429 362 1486 lle
373 1429 418 1487 tile
434 1431 461 1487 itt
473 1431 546 1488 diem
558 1435 676 1490 animaru
687 1433 793 1505 justam
805 1436 905 1510 iniquis
955 1439 1138 1508 dormierunt,
1148 1441 1237 1498 omnia
1247 1441 1288 1496 sio
1298 1449 1474 1512 perseverant
1482 1440 1517 1497 ab
1526 1439 1604 1496 initio
1611 1449 1754 1496 creaturae.

109 1522 236 1593 operibns
247 1524 415 1582 emciabant.
436 1524 520 1583 linuit
540 1527 669 1583 Dominus
683 1527 744 1599 pios
764 1528 799 1588 de
815 1538 906 1587 tenta·
956 1533 1036 1590 Latet
1049 1533 1122 1590 enim
1133 1547 1180 1590 eos
1195 1531 1247 1590 boc
1262 1533 1397 1601 volentes,
1412 1531 1484 1605 qrrnd
1500 1531 1562 1589 eceli
1576 1541 1656 1588 erant
1669 1529 1758 1602 prins,

109 1617 179 1674 tinne
193 1619 320 1689 eripere:
334 1620 443 1694 iniquos
454 1637 521 1680 uero
533 1623 560 1678 in
574 1623 646 1679 diem
656 1625 750 1696 judicii
762 1641 907 1685 reservare
957 1637 985 1682 et
996 1634 1080 1690 terra,
1090 1627 1124 1682 de
1138 1639 1207 1698 anna
1221 1634 1306 1697 etper
1317 1639 1413 1698 aquam
1427 1624 1581 1682 consistens
1591 1623 1638 1680 lici
1653 1623 1755 1680 verbo:

109 1711 291 1769 maciandos:
310 1715 395 1788 magis
417 1725 509 1772 autem
533 1732 591 1786 eos,
608 1719 654 1789 nni
675 1725 737 1790 post
752 1733 864 1778 carnem
878 1721 905 1778 in
958 1733 1077 1792 peronae
1089 1719 1135 1776 ilie
1147 1718 1339 1776 tunemnndne
1350 1733 1419 1791 aqua
1431 1718 1575 1775 inundatos
1586 1715 1676 1790 periit.
1687 1714 1757 1772 Coeli

108 1804 332 1886 concupiscentia
362 1807 542 1865 immunditias
569 1808 721 1880 ambulant,
744 1811 909 1871 dominatio·
922 1800 947 1865 B
960 1822 1050 1872 autem
1064 1815 1110 1887 qui
1126 1829 1198 1871 nunc
1210 1823 1285 1881 sunt,
1298 1822 1326 1870 et
1338 1824 1424 1881 terra,
1437 1815 1533 1870 eodem
1549 1812 1634 1869 verbo
1644 1811 1758 1883 repositi

110 1913 228 1971 nmque
236 1908 426 1991 contemnunt,
441 1901 570 1970 sedeces,
588 1901 804 1972 tremiscentes,
819 1915 909 1963 secus
960 1917 1036 1980 sunt,
1052 1908 1106 1980 igni
1121 1907 1252 1966 reservati
1268 1906 1296 1962 in
1321 1907 1393 1963 diem
1411 1905 1523 1976 jndleii,
1547 1913 1574 1962 et
1597 1902 1758 1975 perditionis

108 2006 160 2049 non
175 1999 301 2050 metarunt
312 1993 486 2051 introducere
501 1992 741 2068 blaspbemantea:
756 1995 801 2054 nbi
819 1999 909 2068 angeli
961 1999 1107 2072 impiorum
1121 1999 1273 2057 bominum.
1287 1997 1377 2058 Utrum
1390 2013 1457 2057 vero
1471 1997 1523 2054 lroc
1535 2011 1588 2054 non
1600 1997 1684 2054 latest
1697 2012 1758 2062 ros,

109 2084 268 2144 fortitudine
281 2095 310 2143 et
322 2089 426 2145 uirtute
440 2103 501 2146 cum
514 2089 570 2146 sint
584 2089 711 2161 majores,
730 2105 784 2148 non
800 2099 910 2164 portant
961 2093 1127 2166 charissimi,
1156 2095 1219 2168 qnia
1248 2109 1319 2152 unus
1344 2093 1404 2151 dies
1426 2093 1496 2166 apud
1521 2090 1665 2150 bominum
1690 2090 1763 2148 sicut

112 2178 257 2236 adremaro
269 2181 624 2255 mutecrabilejndlcium.
634 2183 667 2240 lli
680 2199 748 2242 rere
758 2186 912 2243 relutirra·
961 2187 1122 2254 miileanni,
1138 2196 1164 2245 et
1179 2187 1253 2245 mille
1263 2187 1327 2243 anni
1340 2187 1412 2244 sient
1428 2184 1487 2242 dies
1505 2199 1585 2242 unus.
1600 2183 1659 2241 Non
1671 2183 1762 2240 tardat

109 2273 250 2332 tionabilia
263 2289 373 2347 pecora,
385 2277 549 2335 naturaliter
557 2277 585 2336 in
598 2281 754 2353 captionem
766 2289 795 2336 et
806 2280 833 2338 in
845 2295 912 2356 per-
963 2281 1096 2338 Dominus
1120 2280 1330 2352 promissionem
1356 2295 1432 2336 suam
1458 2280 1530 2336 sieut
1544 2277 1654 2350 quidam
1668 2278 1763 2335 existi·

110 2367 207 2426 uiciens
222 2368 250 2426 itt
271 2368 316 2426 bit
335 2384 397 2443 puae
417 2368 546 2444 ignorant
558 2369 789 2445 blasphemantes,
804 2373 832 2428 in
847 2385 911 2429 cor·
962 2381 1039 2431 mant
1052 2392 1059 2430 r
1072 2373 1120 2430 sed
1134 2371 1270 2444 patienter
1282 2371 1337 2445 agit
1348 2379 1460 2444 propter
1474 2384 1533 2439 ros,
1548 2370 1645 2426 nolens
1655 2367 1762 2440 aliquos

111 2464 240 2533 ruptione
259 2477 310 2520 aua
331 2461 476 2534 peribunt,
496 2463 679 2536 percipientes
693 2463 847 2522 mercedem
868 2465 913 2521 in·
963 2466 1067 2537 perire,
1080 2463 1128 2522 sed
1143 2479 1238 2522 onrnes
1249 2464 1283 2520 ad
1295 2465 1485 2537 poenltentiem
1503 2463 1615 2522 reuerti.
1626 2461 1764 2521 Adveniet

109 2551 235 2627 iustitie,
249 2557 416 2630 voluptatem
425 2558 613 2617 existimantes
625 2557 680 2616 diei
691 2558 805 2616 delicias
817 2576 824 2614 ι
835 2559 913 2616 coin·
962 2567 1053 2616 autern
1075 2558 1134 2614 dies
1150 2557 1268 2628 iiornini,
1284 2565 1314 2614 ut
1325 2555 1389 2615 luc:
1404 2557 1431 2614 in
1452 2572 1507 2630 qun
1521 2556 1586 2614 eceli
1602 2569 1699 2628 magno
1711 2539 1763 2611 irn-¹

111 2651 734 2724 penetrantemmaededettettsaltnentes‚
744 2653 913 2712 inconririie
964 2663 1028 2726 petn
1040 2653 1411 2722 transient,·elementanero
1422 2651 1513 2708 calore
1524 2651 1674 2718 scirentur,
1689 2660 1762 2706 terre

113 2743 168 2801 saia
188 2744 359 2804 manentes
379 2745 532 2817 vobiscum,
555 2747 650 2804 oculos
671 2746 802 2805 babentes
816 2746 913 2819 plenos
964 2757 1072 2815 auteur,
1092 2755 1121 2804 et
1134 2761 1195 2819 otras
1215 2747 1242 2802 in
1259 2746 1316 2818 ipsa
1330 2754 1394 2803 sunt
1407 2759 1505 2819 opera,
1520 2752 1682 2802 exurentur.
1696 2741 1764 2798 cnm

114 2836 258 2907 adulterii,
278 2849 305 2897 et
321 2837 490 2898 incessabilia
502 2839 606 2898 delicti.
618 2839 792 2898 Pelllcientes
805 2839 914 2897 animas
964 2840 1050 2912 igitur
1065 2839 1125 2897 lise
1139 2840 1229 2896 omnia
1246 2836 1419 2896 dissoluenda
1441 2839 1515 2908 sint,
1540 2838 1633 2909 quales
1655 2843 1765 2908 oportet

115 2927 268 3001 instabiles,
282 2946 332 2989 cor
343 2933 522 2990 exercitam
535 2933 649 2991 avaritia
663 2931 807 3003 babentes,
828 2931 915 2990 male
966 2947 1019 2992 ros
1033 2948 1096 2991 esse
1110 2933 1137 2988 in
1154 2932 1257 2989 sanctis
1280 2931 1534 2989 conversationibus
1553 2939 1580 2988 et
1606 2930 1763 3000 pietatibus,

27 3067 30 3072 .
115 3019 245 3082 dictionis
257 3024 325 3085 alti:
340 3024 566 3097 derelinquentes
582 3034 686 3084 rectam
703 3025 787 3094 viam,
803 3039 915 3083 errare·
965 3032 1166 3098 exspectantes,
1173 3032 1201 3081 et
1210 3032 1388 3096 properantes
1396 3023 1423 3080 in
1431 3023 1575 3080 adrentum
1583 3021 1637 3078 diei
1647 3020 1767 3084 bomini,

114 3126 189 3186 rent,
205 3118 296 3175 uenti
307 3117 379 3174 aiam
399 3117 509 3176 Balaam
530 3133 566 3176 ex
582 3118 678 3187 Bosor,
695 3115 913 3191 quimercedem
966 3134 1016 3191 per
1028 3131 1109 3191 quem
1124 3116 1186 3174 eceli
1196 3116 1324 3174 ardentes
1338 3114 1490 3183 solventur,
1506 3124 1534 3172 et
1548 3115 1679 3172 elementa
1696 3111 1765 3185 ignis

115 3207 268 3282 iniquitatis
287 3211 389 3268 amavit
405 3211 630 3284 :eorreptionem
653 3225 720 3270 nero
740 3211 836 3270 babuit
855 3225 913 3269 tuas
927 3198 952 3267 G
966 3209 1064 3268 ardore
1082 3209 1237 3267 tabeacenti
1252 3207 1343 3266 lloros
1355 3222 1422 3265 nero
1441 3207 1538 3276 coelos,
1553 3216 1581 3264 et
1595 3219 1691 3263 noram
1711 3213 1766 3261 ter·

116 3302 247 3375 remae,
276 3302 417 3375 sublegato
441 3311 547 3362 nrotum
569 3303 680 3373 animai,
705 3303 825 3362 bominis
847 3318 916 3362 noce
967 3318 1025 3381 ram
1041 3300 1190 3362 secundnm
1203 3302 1338 3375 promissa
1353 3299 1439 3373 ipsius
1453 3308 1654 3372 exspectamus,
1668 3297 1767 3368 inqui·

116 3391 242 3467 bassos,
257 3396 401 3468 probibait
414 3396 554 3470 propbetas
577 3395 771 3468 insipientiam.
795 3397 830 3454 lli
852 3409 917 3457 sunt
965 3393 1018 3454 bus
1035 3395 1142 3467 justitia
1156 3393 1273 3451 habitat.
1288 3393 1405 3466 Propter
1422 3391 1509 3466 quod,
1526 3391 1692 3459 clrarissimi,
1708 3389 1768 3446 bec

115 3485 205 3546 butes
228 3487 290 3546 siae
310 3501 391 3560 aona,
405 3498 436 3548 et
457 3489 564 3548 nebule
585 3488 738 3546 turbinibus
760 3489 914 3562 exagitatae,
967 3495 1169 3560 exspectantes,
1179 3487 1294 3559 satagite
1308 3478 1474 3542 immaculati
1483 3492 1511 3540 et
1519 3482 1639 3541 inviolati
1652 3483 1677 3540 ei
1691 3483 1767 3540 ince-

116 3579 216 3652 quibus
227 3579 315 3654 caligo
328 3581 503 3640 tenebrarum
517 3589 684 3640 serenatur.
703 3581 826 3652 Superba
841 3583 916 3638 enim
968 3582 1020 3639 niri
1034 3581 1062 3639 ln
1073 3596 1151 3654 paee.
1167 3581 1200 3638 Et
1215 3579 1324 3640 Domini
1336 3581 1421 3638 nostri
1434 3579 1678 3653 longanimitatem,
1693 3577 1766 3634 salu·

116 3674 245 3730 mniutb
263 3676 419 3748 loquerrtes,
442 3673 585 3746 pelliciunt
607 3673 637 3732 in
659 3673 807 3732 desideriis
825 3672 917 3731 carnit
969 3683 1023 3733 tem
1044 3675 1235 3733 arbitremini:
1251 3676 1323 3733 sicut
1340 3683 1369 3733 ct
1382 3673 1562 3732 charissimus
1575 3673 1660 3730 irater
1673 3678 1768 3729 noster

117 3766 232 3835 luxuria
245 3783 307 3841 eos,
322 3769 368 3841 gui
387 3769 529 3842 paululum
543 3767 687 3841 edoglnnt,
701 3768 750 3839 oui
770 3768 799 3824 in
821 3780 917 3826 errore
969 3769 1232 3828 Paulussecundum
1249 3769 1339 3826 datam
1354 3767 1406 3826 sibi
1423 3768 1580 3840 patientiam
1594 3765 1704 3840 scripsit
1717 3779 1767 3822 no-

116 3871 316 3918 eoarersaatnr
335 3879 344 3917 s
366 3861 520 3920 libertatem
544 3861 601 3920 iliis
626 3861 832 3934 promittentes,
854 3875 917 3918 curn
967 3862 1023 3930 bis,
1038 3863 1109 3920 sieut
1123 3871 1151 3919 et
1165 3861 1194 3918 in
1210 3859 1339 3920 omnibus
1353 3860 1489 3932 epistolis,
1505 3859 1618 3934 loquens
1638 3859 1664 3915 in
1679 3859 1719 3916 eia
1733 3856 1769 3915 de

118 3949 170 4024 leti
181 3955 256 4013 terri
265 3955 320 4013 alat
331 3955 518 4028 corruptionis
531 3973 539 4013 :
553 3969 635 4028 aquo
644 3955 719 4013 euim
732 3954 793 4027 puls
807 3964 920 4026 tupera·
969 3953 1013 4010 iris
1026 3971 1033 4012 :
1046 3954 1073 4011 in
1084 3954 1182 4027 ouibus
1195 3960 1258 4010 sunt
1271 3953 1394 4026 quiedam
1404 3951 1525 4010 diflicilia
1540 3951 1768 4022 intellectuose

118 4053 162 4106 tas
172 4047 464 4122 est,balsscttermr
477 4058 530 4107 est.
543 4048 833 4122 slenlmrelngtenter
842 4048 918 4107 eoin·
970 4047 1074 4106 indocti
1101 4055 1128 4104 et
1156 4046 1300 4105 instabiles
1327 4045 1487 4118 depravant,
1513 4045 1582 4102 siout
1606 4055 1632 4102 et
1655 4053 1770 4102 caeteras

117 4143 291 4216 qnhmionea
302 4143 397 4202 mundi
421 4145 449 4202 in
472 4145 629 4217 cognitione
644 4141 753 4202 llnrnini
772 4144 870 4212 nostri,
890 4152 920 4201 et
972 4141 1145 4216 Scripturas,
1163 4140 1197 4197 ad
1216 4155 1293 4198 suam
1311 4141 1432 4211 ipsorum
1447 4137 1639 4210 perditionem.
1651 4136 1706 4193 Vos
1720 4134 1771 4209 igl-

117 4231 269 4298 daitatoris
282 4239 349 4297 iesu
372 4238 487 4308 Gbritti,
508 4239 552 4296 bit
566 4252 663 4297 rursus
682 4237 814 4312 implicati
835 4251 919 4311 supe·
972 4243 1028 4304 tur,
1044 4235 1152 4302 intres,
1167 4235 1343 4305 prescientes
1362 4231 1516 4291 custodite:
1531 4243 1566 4288 ne
1581 4228 1769 4302 insipientium

117 4345 231 4392 cantare
241 4334 313 4392 iacta
326 4333 443 4392 sunteis
453 4335 608 4408 posteriora
618 4332 756 4391 deteriora
771 4331 918 4404 prioribus.
971 4339 1068 4384 errore
1080 4325 1197 4382 traducti
1208 4325 1368 4382 excidatisa
1383 4323 1491 4396 propria
1502 4320 1772 4380 llrmitate.creeeite

118 4425 218 4487 Nellos
228 4428 301 4486 calar
315 4437 376 4486 erat
386 4427 443 4485 illis
458 4445 513 4487 non
526 4443 696 4502 cognoscere
710 4427 782 4484 riam
795 4425 918 4498 justitie,
972 4435 1039 4478 tero
1062 4423 1089 4476 ln
1116 4420 1216 4492 grstia,
1241 4427 1270 4476 et
1290 4421 1317 4474 in
1334 4415 1491 4492 cognitione
1506 4415 1613 4473 liomlni
1629 4414 1730 4484 nostri,
1745 4421 1774 4470 et

118 4533 202 4591 qum
222 4532 284 4593 post
297 4521 483 4595 agnitionem,
505 4529 657 4580 retrorsum
672 4521 797 4579 conuerti
816 4520 851 4577 sb
872 4533 918 4589 eo,
933 4512 1201 4616 Ι)11ι1ιιιοιῑι1οοιι
1221 4509 1331 4568 Christi.
1348 4509 1401 4582 lpei
1416 4510 1514 4582 gloria,
1535 4516 1564 4565 et
1586 4519 1670 4573 cnunc,
1694 4515 1721 4562 et
1742 4505 1772 4562 in

118 4615 193 4687 qnod
212 4616 267 4676 iliis
288 4615 420 4674 traditum
441 4625 495 4686 est,
518 4625 615 4674 sancto
636 4614 776 4672 mandato.
798 4611 919 4686 Contigit
971 4607 1045 4664 diem
1061 4602 1232 4661 eternitatis.
1248 4603 1346 4660 lmen.
1445 4690 1447 4696 y

656 4729 772 4804 Esplieit
786 4727 907 4800 Epittolo
918 4724 953 4786 Β.
965 4723 1039 4782 Petri
1054 4721 1167 4793 aposloli
1182 4718 1225 4776 11.

316 5101 322 5108 ,
439 5007 529 5122 ιι.
568 4920 975 5120 sommus
1011 4985 1465 5118 benenom

830 5272 837 5282 ,
881 5195 1052 5282 merum,

547 5354 1353 5583 EPISTQRIMA.

166 5660 372 5736 [Capldonod
384 5653 922 5734 imitabinitio,gnodaudirimus,puod
976 5660 1046 5711 stata
1064 5655 1117 5715 ert,
1138 5652 1167 5706 et
1185 5645 1315 5712 vidimus,
1331 5650 1359 5698 et
1380 5647 1522 5708 testamur,
1536 5646 1563 5697 et
1585 5640 1776 5698 annuntiamus

117 5749 244 5812 vidium
255 5754 346 5814 neuile
357 5754 470 5823 noetris,
482 5754 556 5829 mrod
571 5752 772 5828 perspeximus,
784 5762 812 5810 et
827 5762 925 5808 manns
978 5741 1057 5802 robis
1069 5741 1152 5798 altam
1168 5747 1310 5805 eternam,
1325 5747 1387 5807 que
1399 5741 1460 5790 erat
1471 5733 1542 5806 apud
1557 5732 1678 5806 Patrem,
1690 5741 1717 5790 et
1731 5747 1776 5802 np-

115 5855 227 5907 atoaire
244 5857 486 5909 contrectaverunt
503 5849 539 5909 de
557 5850 642 5908 verbo
660 5849 724 5905 rias
739 5891 747 5916 ,
765 5855 793 5905 et
811 5843 926 5904 manile·
979 5837 1071 5911 paruit
1091 5833 1171 5893 nobis
1189 5849 1196 5888 ε
1213 5829 1285 5903 quod
1305 5827 1432 5896 vidimus,
1448 5835 1476 5885 et
1486 5826 1649 5892 audicimus,
1665 5839 1771 5881 annun-

228 5940 497 6006 nunonxxrx
1496 5919 1538 5984 11
